4478 5842
154 1141 216 1208 893.

326 450 392 519 156
664 448 1075 521 CHARTULARIUM
1109 447 1413 523 SlTHlENSE..

942 749 1092 824 LXIX.

467 930 503 967 DE
524 928 667 969 t't'crtoue
690 929 794 969 aarum
819 930 916 977 REGIS,
941 930 975 968 ΕΤ
998 931 1035 969 ott
1058 929 1186 970 retusum
1208 927 1361 968 amatorie
1382 907 1574 971 be'rttaucm.

359 1108 486 1184 ‘Anno
508 1108 622 1212 igitur
645 1108 844 1183 nativitatis
863 1107 1017 1184 Domini
1047 1132 1256 1196 occeanus,
1285 1106 1443 1184 Karolus
1463 1135 1568 1211 puer,
1601 1106 1731 1184 Karlo·

315 1239 440 1312 manni
462 1237 559 1344 regis
575 1236 676 1312 lilius
690 1243 712 1327 ¹,
733 1265 796 1311 rex
818 1235 1057 1311 constituitur
1077 1234 1204 1312 Remis
1224 1209 1386 1325 civitate,
1411 1235 1450 1309 in
1473 1234 1731 1339 purificatione

312 1383 444 1473 sanctae¹
464 1367 605 1455 Mariae,
627 1393 690 1440 1111.
715 1393 833 1440 nonas
857 1363 1051 1454 februarii,
1074 1380 1308 1439 consecratus
1330 1393 1350 1439 a
1376 1363 1546 1467 predicto
1571 1363 1733 1443 Folcone

308 1466 583 1599 archipresule,
600 1495 744 1568 vivente
761 1493 883 1590 adhuc
904 1491 1039 1567 Odone
1060 1491 1250 1566 antedicto
1271 1519 1369 1597 rege.
1398 1493 1439 1566 ln
1457 1493 1563 1597 cujus
1581 1520 1679 1569 anno
1695 1517 1732 1571 11.

314 1622 509 1699 castellum
529 1622 645 1696 sancti
665 1620 871 1696 Audomari
888 1620 973 1724 igne
995 1619 1240 1695 consumitur.
1258 1618 1427 1696 Audiens
1443 1619 1529 1696 Odo
1549 1649 1613 1695 rex
1630 1622 1736 1726 quod
1829 1689 1832 1693 ,

315 1781 398 1857 pars
412 1751 534 1857 aliqua
551 1752 780 1825 Francorum
803 1749 844 1822 in
861 1778 988 1855 regem
1008 1748 1201 1826 unxissent
1222 1748 1417 1836 Karolum,
1439 1751 1735 1855 persequebatur

317 1879 425 1957 illum
439 1909 524 1954 cum
540 1894 657 1954 matre
671 1878 923 1952 Ermentruda
940 1877 979 1951 in
994 1877 1138 1952 cunctis
1155 1875 1296 1953 finibus
1306 1878 1546 1953 Francorum.
1562 1880 1734 1961 Tandem

314 2010 464 2095 Franci,
492 2009 557 2113 qui
585 2035 671 2082 eum
702 2033 815 2110 super
840 2032 878 2080 se
903 2033 1030 2110 regem
1052 2020 1275 2094 statuerant,
1301 2032 1447 2081 veneno
1471 2005 1617 2085 Odonis
1638 2009 1735 2116 regis

314 2139 425 2213 vitam
437 2137 653 2244 extinguere
664 2134 787 2212 moliti
799 2152 901 2225 sunt3
914 2134 1018 2240 quod
1029 2151 1067 2210 et
1076 2132 1256 2211 fecerunt.
1268 2135 1354 2226 Quo
1363 2133 1562 2225 defuncto,
1574 2139 1735 2217 Karolus

315 2296 394 2356 rex,
418 2265 558 2371 absque
589 2264 667 2339 ulla
687 2265 966 2352 contrarietate,
988 2263 1218 2339 Francorum
1239 2263 1402 2368 suscepit
1419 2263 1635 2370 imperium.
1658 2269 1733 2361 Qui

304 2395 561 2471 >confirmatus
580 2393 619 2467 in
640 2419 774 2498 regno,
797 2391 989 2497 quendam
1000 2392 1214 2497 Haganum,
1236 2393 1343 2498 cujus
1361 2421 1482 2500 genus
1501 2413 1539 2472 et
1558 2395 1736 2477 nobilitas

181 2514 185 2521 ’
315 2523 556 2631 ignorabatur
574 2552 594 2597 a
615 2521 783 2612 Francis,
801 2550 914 2626 super
927 2548 1059 2598 omnes
1077 2519 1270 2628 diligendo
1287 2521 1436 2614 extulit,
1459 2541 1498 2600 et
1516 2524 1616 2601 hunc
1635 2525 1736 2604 lami·

315 2653 445 2730 liarius
470 2652 611 2728 caeteris
636 2650 708 2728 sibi
729 2648 984 2727 consiliarium
1006 2649 1142 2726 ascivit.
1161 2650 1276 2741 Quod
1295 2651 1465 2728 videntes
1484 2656 1634 2746 Franci,
1656 2684 1733 2735 non

316 2782 447 2858 leviter
476 2781 594 2888 ignoti
628 2778 793 2857 hominis
816 2777 997 2856 amicitias
1028 2778 1219 2869 tulerunt,
1237 2779 1392 2887 regique
1413 2782 1462 2862 ob
1484 2783 1555 2860 hoc
1582 2784 1733 2880 infensi,

317 2911 471 2989 insidias
492 2910 542 2999 ei,
562 2910 602 2984 in
618 2909 821 3016 Lugduno,
837 2907 939 3017 regia
959 2907 1121 2998 civitate,
1138 2907 1394 3007 tetenderunt.
1412 2911 1575 3021 Cognito
1590 2931 1734 3007 autem,

284 3145 286 3150 Ι
318 3066 380 3115 rex
393 3039 552 3116 Karolus
568 3066 636 3143 per
651 3032 777 3147 lugam
792 3037 925 3114 exinde
942 3037 1107 3142 elapsus,
1129 3038 1168 3114 in
1183 3066 1343 3144 regnum
1359 3043 1551 3145 qnondam
1578 3043 1736 3123 Hlotarii

318 3170 503 3249 successit.
531 3169 661 3256 Franci
688 3169 727 3245 in
754 3168 939 3247 sententia
952 3186 1247 3275 perseverantes,
1265 3169 1501 3247 Rodbertum
1520 3176 1734 3276 quendam,

220 3386 224 3393 ,
318 3299 468 3375 fratrem
491 3299 637 3377 Odonis
657 3299 755 3404 regis
776 3327 887 3405 supra
901 3296 1116 3386 memorati,
1134 3325 1246 3402 super
1264 3324 1304 3373 se
1319 3325 1445 3405 regem
1465 3316 1652 3392 statuunt3
1669 3305 1734 3408 qui

315 3445 397 3513 ‚erat
417 3443 522 3533 pater
536 3428 725 3537 Hugonis,
741 3443 871 3532 postca
885 3429 1115 3505 Francorum
1133 3424 1256 3512 ducis,
1275 3425 1513 3534 regnavitque
1529 3430 1636 3507 annis
1655 3429 1732 3510 lere

320 3556 479 3635 duobus.

943 3700 1089 3777 LXX.

743 3894 837 3937 PUGNA
860 3895 963 3937 :Aaou
985 3897 1095 3938 oou'rua
1119 3895 1307 3940 monstrauit.

375 4078 463 4152 Post
486 4072 563 4149 hacc
583 4071 743 4150 Karolus
763 4101 843 4165 rex,
867 4089 1090 4182 congregato
1117 4074 1282 4152 exercitu
1305 4074 1353 4151 de
1377 4101 1493 4183 regno
1516 4074 1675 4154 Hlotarii
1698 4094 1738 4155 et

321 4208 367 4282 de
376 4203 532 4308 reliquis
546 4202 792 4281 orientalibus
804 4205 970 4307 Francis,
983 4221 1112 4280 contra
1125 4204 1290 4282 eundem
1304 4204 1539 4284 Rodbertum
1549 4224 1736 4317 pugnatu-

319 4362 382 4410 rus
402 4333 560 4420 accedit,
584 4348 641 4424 et,
659 4331 698 4407 in
717 4333 778 4409 die
793 4333 959 4439 quodam
977 4332 1168 4411 dominico
1189 4332 1465 4426 illuscescente,
1482 4336 1631 4414 transiit
1649 4365 1735 4415 cum

320 4461 483 4540 exercitu
503 4458 641 4537 vadum
663 4461 831 4540 fluminis
852 4463 977 4553 Iserae;
998 4461 1234 4567 occurritque
1255 4461 1290 4538 ei
1313 4462 1506 4567 predictus
1524 4465 1738 4544 Rodbertus

320 4621 407 4669 cum
432 4589 723 4669 occidentalium
738 4594 967 4671 Francorum
981 4590 1243 4683 multitudine,
1264 4592 1305 4668 in
1319 4621 1414 4702 pago
1431 4594 1674 4689 Suessonico,
1697 4598 1737 4675 in

365 4775 370 4805 ¹
388 4773 527 4841 carolus.
549 4775 724 4855 cognomine
747 4773 889 4857 Simplex,
915 4773 1100 4835 carlomanni
1113 4773 1209 4845 frater.
1223 4796 1283 4836 uon
1295 4774 1457 4839 filiuserat
