4478 5842
723 874 727 882 ·
794 825 1288 949 APPENDIX.

1025 1295 1056 1368 I.

713 1485 750 1522 DE
775 1479 957 1527 uetustum,
982 1479 1094 1520 ΑΒΒΑΤΕ
1118 1477 1219 1519 sancti
1243 1479 1378 1520 uultum,

381 1647 517 1723 Sancto
538 1643 714 1721 Heinrico
734 1642 960 1748 imperante,
982 1638 1148 1716 Roberto
1167 1638 1259 1715 item
1282 1667 1387 1751 rege,
1409 1656 1447 1716 et
1461 1638 1652 1717 Balduino
1670 1641 1756 1716 Bar-

324 1777 412 1852 bato
438 1775 575 1852 comite
598 1774 865 1860 militantibus,
893 1772 988 1848 circa
1009 1799 1152 1848 annum
1177 1786 1369 1880 assumpte
1394 1772 1594 1849 nativitatis
1614 1771 1754 1850 Christi

323 1906 570 1984 millesimum
602 1903 892 1989 duodecimum,
920 1898 1140 1978 Heinlridus
1166 1929 1359 1979 successor
1382 1901 1504 1980 extitit
1527 1901 1686 1981 Odberti
1718 1905 1755 1979 in

325 2065 413 2113 cura
440 2034 633 2142 pastorali,
661 2034 727 2141 qui
756 2033 862 2108 annis
886 2031 945 2108 bis
976 2047 1121 2136 septem
1152 2030 1191 2105 in
1220 2032 1405 2137 regimine
1430 2032 1529 2109 vixit.
1555 2035 1633 2111 Suo
1661 2051 1759 2110 tem-

324 2195 432 2273 pore,
465 2167 679 2242 interventu
710 2161 935 2240 venerabilis
973 2161 1184 2248 Heriberti,
1207 2161 1444 2240 Coloniensis
1469 2164 1755 2270 archiepiscopi,

326 2296 447 2374 isdem
474 2296 588 2373 abbas
608 2294 847 2401 privilegium
873 2291 1086 2398 impetravit
1106 2290 1297 2369 bonorum
1318 2320 1392 2400 que
1415 2321 1486 2370 nos
1505 2310 1543 2370 et
1563 2294 1756 2370 ecclesiam

325 2427 441 2503 sancti
465 2425 672 2504 Audomari
688 2426 869 2501 hactenus
888 2422 1092 2528 recipimus
1113 2422 1152 2497 in
1170 2421 1346 2511 Colonia,
1370 2425 1477 2532 cujus
1495 2443 1605 2502 tenor
1623 2424 1757 2501 verbo-

325 2573 436 2635 tenus
456 2557 638 2665 sequitur.

1017 2731 1072 2804 ΙΙ.

326 2919 482 2961 exaustas
504 2919 668 2960 Pulvinum!
691 2916 787 2959 nouat
812 2916 949 2966 IIENRlOE,
973 2914 1092 2956 rasum
1115 2913 1267 2956 ECCLESllS
1287 2915 1461 2957 sanctonus!
1484 2917 1636 2958 AUDOMARI
1661 2920 1757 2971 atoue

439 3021 575 3072 ΒΒΜΊΝῙ,
599 3021 723 3061 AUXILIO
747 3019 982 3061 aucmraasuuls
1004 3014 1200 3060 cotoniattsls
1222 3018 1380 3060 utalaam
1405 3018 1645 3063 lunavuttlem.

382 3180 425 3254 ln
445 3180 599 3256 nomine
616 3195 741 3256 sancte
757 3197 794 3255 ct
809 3178 1003 3256 individue
1018 3179 1222 3255 Trinitatis.
1242 3178 1445 3265 Henricus,
1469 3179 1593 3255 divina
1612 3179 1756 3259 favente

327 3309 541 3398 clementia,
576 3315 834 3387 Romanorum
865 3311 1069 3415 imperator
1093 3327 1285 3418 augustus.
1312 3310 1350 3387 Si
1380 3312 1620 3388 monasteriis
1652 3342 1757 3390 sanc-

325 3457 459 3518 torum
472 3459 510 3517 et
529 3441 814 3518 necessitatibus
828 3469 1022 3516 servorum
1037 3439 1107 3515 Dei
1126 3439 1253 3545 aliquo
1271 3440 1418 3545 pietatis
1434 3440 1561 3516 studio
1576 3445 1757 3549 prospici-

325 3599 428 3663 mus,
452 3588 489 3648 et
508 3589 638 3667 nostre
654 3570 834 3679 prodesse
850 3571 961 3647 saluti
975 3587 1012 3647 et
1025 3570 1132 3677 regni
1147 3570 1266 3647 nostri
1283 3569 1465 3676 proficere
1481 3571 1671 3648 credimus
1687 3588 1758 3650 sta-

325 3701 472 3779 bilitati.
494 3702 657 3781 Proinde
677 3720 811 3780 notum
834 3703 882 3778 sit
896 3700 1077 3778 omnibus
1090 3699 1273 3779 fidelibus
1286 3719 1504 3783 nostrorum
1516 3705 1757 3810 presentibus

325 3832 467 3909 scilicet
484 3850 522 3909 et
540 3833 693 3924 suturis,
715 3834 888 3940 qualiter,
906 3848 1058 3938 petente
1079 3831 1278 3910 Heinlrido
1298 3833 1501 3910 venerabili
1522 3833 1673 3923 abbate,
1690 3837 1756 3912 sed

325 3963 598 4040 interveniente
619 3966 838 4054 Horibcrto,
861 3961 1079 4040 Coloniensi
1102 3962 1400 4069 archiepiscopo,
1428 3965 1667 4072 maximeque
1687 3996 1756 4072 pro

325 4094 496 4170 remedio
523 4094 648 4169 anime
675 4112 819 4180 nostre,
850 4092 1002 4169 duobus
1029 4093 1266 4170 monasteriis
1298 4093 1337 4167 in
1367 4093 1450 4169 loco
1490 4095 1618 4172 Sithiu
1656 4097 1756 4174 dicto

318 4225 564 4311 constructis,
583 4253 748 4330 quorum
768 4253 889 4301 unum
911 4240 966 4301 est
981 4224 1267 4311 canonicorum,
1290 4223 1450 4302 alterum
1469 4253 1558 4303 vero
1579 4255 1756 4306 monaco—

325 4383 429 4447 rum,
458 4355 529 4432 sub
560 4356 715 4432 nomine
746 4372 783 4433 et
808 4358 1048 4433 veneratione
1084 4373 1300 4435 sanctorum
1328 4355 1467 4434 Christi
1498 4357 1755 4437 consessorum

324 4484 530 4564 hudomari
553 4489 717 4595 episcopi
739 4506 776 4564 et
797 4488 911 4564 sancti
932 4488 1074 4565 Bertini
1096 4488 1256 4576 abbatis,
1279 4487 1547 4568 confirmamus
1566 4508 1605 4569 et
1629 4521 1756 4571 corro-

323 4617 504 4697 boramus
524 4648 638 4696 omno
661 4620 841 4725 quitquid
866 4618 1006 4696 habere
1028 4619 1207 4696 videntur
1231 4618 1326 4697 inlra
1355 4621 1473 4700 nostri
1496 4622 1602 4730 regni
1627 4624 1753 4712 metis,

326 4750 383 4826 vel
403 4751 582 4857 quitquid
598 4751 789 4857 possidere
805 4750 1078 4826 rationabiliter
1089 4751 1266 4827 videntur
1287 4751 1325 4826 in
1345 4753 1455 4828 certis
1474 4753 1646 4831 villarum
1663 4752 1755 4828 locis

321 4879 554 4986 jacentium:
574 4884 613 4958 in
632 4881 828 4958 Davandra
856 4881 1059 4958 duodecim
1079 4910 1247 4971 mansos3
1272 4881 1311 4956 in
1341 4882 1557 4959 Hosanhem
1580 4881 1694 4971 du0s;
1715 4881 1754 4956 in

1790 3218 1822 3256 aa
1838 3217 1895 3253 nos.
1923 3200 2001 3254 1015.
