4478 5842
325 465 397 536 558
664 467 1084 540 CHARTULARIUM
1119 467 1200 538 SIT
1208 454 1402 540 HlENSE.

324 607 462 684 babere
485 608 690 712 potuimus.
713 608 820 684 Unde
840 605 979 686 timens
999 606 1112 685 abbas
1132 602 1255 712 quod,
1277 609 1307 684 si
1327 636 1439 685 aurea
1458 609 1557 714 pacis
1575 627 1746 715 tempora

324 753 512 813 mutarent
527 737 694 815 colorem
707 768 835 827 suum,
854 739 939 844 plus
951 737 1168 814 detrimenti
1182 766 1297 842 quam
1309 738 1500 815 commodi
1515 738 1626 817 nobis
1636 768 1743 846 posse

322 895 366 941 ex
392 868 465 942 hoc
486 870 655 960 evenire,
679 867 957 945 communicato
979 896 1065 945 cum
1089 865 1266 942 fratribus
1286 883 1324 943 et
1349 868 1568 951 hominibus
1588 862 1743 947 ecclesie

324 997 499 1086 consilio,
519 1028 648 1103 pacem
667 1028 752 1074 cum
770 998 950 1103 predictis
963 997 1184 1074 hominibus
1199 995 1302 1084 lecit,
1325 1016 1475 1104 accepto
1494 998 1540 1075 ab
1556 1001 1608 1075 eis
1624 1029 1741 1105 quan-

324 1147 402 1205 tum
424 1131 546 1234 potuit
569 1131 748 1236 pecunie,
772 1128 927 1235 quibus,
954 1146 996 1204 ut
1020 1157 1089 1232 pax
1111 1128 1257 1205 firmior
1283 1146 1399 1220 esset,
1422 1130 1579 1206 eandem
1601 1147 1737 1206 terram

323 1260 360 1332 in
388 1258 543 1335 feodum
568 1260 684 1336 dedit.

967 1461 1097 1533 XLII.

343 1644 380 1681 DE
402 1642 563 1683 CONCORDIA
587 1643 673 1682 mrsu
696 1642 829 1683 contrista
852 1640 988 1684 NOSTRUM
1011 1642 1160 1692 Slldssllffl,
1181 1642 1217 1682 ΕΤ
1240 1643 1429 1691 ῊΙΙΜΙΜΙΙΜ,
1452 1642 1549 1686 saucrl
1571 1646 1723 1688 AUDOHARI

573 1744 793 1791 cusrtttrtuuu,
815 1743 904 1786 CAUSA
927 1744 1096 1785 Tunnlronu
1119 1744 1222 1786 dosunt
1245 1745 1282 1784 DE
1304 1743 1486 1786 urrunnun.

378 1921 595 2039 «Quoniam
617 1950 637 1996 a
658 1920 809 2029 fugitiva
833 1920 1034 1996 hominum
1058 1920 1240 1995 memoria
1259 1921 1539 2009 conventiones,
1565 1920 1659 1997 facta
1682 1923 1740 1997 vel

322 2049 419 2126 dicta
435 2052 634 2158 majorum,
650 2051 832 2157 temporis
843 2049 988 2158 prolixa
1002 2048 1247 2127 diuturnitate
1261 2048 1453 2125 obliterari
1467 2076 1555 2156 sepe
1571 2077 1743 2156 comper·
1825 2073 1828 2079 '

318 2197 402 2256 tum
424 2198 500 2272 est,
523 2181 569 2258 ab
590 2183 649 2258 his
673 2182 810 2287 quibus
830 2181 1009 2286 sapientia
1027 2179 1215 2286 profusior
1234 2208 1255 2255 a
1273 2181 1355 2258 Deo
1374 2179 1512 2256 donata
1536 2195 1610 2267 est,
1639 2198 1741 2287 geste

320 2311 372 2386 rei
394 2313 636 2388 annotatione
658 2328 695 2387 et
712 2311 971 2389 adhibitorum
990 2311 1144 2386 testium
1164 2309 1351 2397 remedio,
1373 2309 1464 2384 huic
1482 2309 1572 2386 vitio
1593 2310 1741 2388 obviare

320 2443 507 2546 provisum
540 2457 606 2518 est.
636 2441 727 2517 lude
757 2441 939 2547 estquod
967 2467 1035 2548 ego
1063 2438 1278 2546 Philippus,
1310 2439 1485 2514 Flandrie
1512 2440 1680 2517 marchio
1704 2461 1743 2519 et

318 2572 561 2675 Viromandie
582 2600 725 2658 comes,
746 2570 985 2678 presentibus
1005 2570 1132 2647 indico
1153 2587 1192 2646 et
1211 2568 1258 2645 ad
1273 2587 1444 2677 posteros
1463 2568 1538 2646 fida
1557 2558 1748 2648 r'elatione'

317 2703 548 2789 transmitto,
571 2704 694 2810 quod,
718 2728 803 2779 cum
823 2703 924 2779 inter
945 2701 1158 2792 Simonem,
1181 2700 1354 2776 abbatem
1378 2699 1675 2792 sancti-Bertini,
1703 2719 1742 2778 et
1810 2792 1814 2798 .

318 2833 578 2920 Willelmum,
610 2833 855 2910 castellanum
885 2832 1001 2909 saneti
1022 2830 1247 2922 Andomari,
1275 2857 1388 2937 super
1411 2830 1574 2937 quadam
1601 2830 1739 2936 palude

320 2980 471 3038 centum
492 2980 529 3038 et
543 2964 761 3069 quindecim
782 2991 1065 3051 mensurarum,
1081 2962 1176 3037 infra
1197 2962 1381 3039 ambitum
1394 2959 1520 3038 fossati
1535 2961 1576 3036 in
1591 2960 1678 3038 villa
1693 2963 1740 3040 de

320 3091 535 3197 Salperwiic
550 3092 797 3182 inclusarum,
816 3111 893 3170 tam
914 3094 953 3169 in
975 3111 1101 3169 nostra
1120 3095 1310 3200 presentia·
1323 3123 1437 3199 quam
1457 3095 1496 3168 in
1517 3092 1742 3170 Morinensis

284 3249 287 3254 ·
319 3222 482 3328 episcopi
517 3223 617 3299 curia
640 3223 705 3300 diu
724 3223 926 3331 agitaretur
946 3223 1213 3311 controversia,
1233 3222 1435 3300 castellano
1455 3222 1662 3327 predictam
1679 3252 1744 3331 pa-

320 3351 449 3429 ludem
470 3352 518 3429 ad
533 3352 596 3460 jus
616 3351 736 3442 leodi,
757 3381 872 3460 quern
892 3353 997 3460 quasi
1019 3353 1065 3430 de
1087 3381 1148 3429 me
1169 3381 1208 3430 se
1228 3371 1357 3430 tenere
1379 3353 1548 3440 dicebat,
1571 3368 1743 3431 constan-

316 3503 374 3560 ter
394 3485 585 3576 trahente,
605 3483 739 3562 abbate
758 3512 847 3561 vero
868 3482 1062 3561 ecclesiam
1082 3484 1198 3567 sancti
1219 3484 1360 3560 Bertini
1381 3482 1541 3561 eandem
1561 3482 1740 3590 paludem

317 3641 361 3690 cx
379 3614 485 3691 annis
502 3614 712 3720 possedisse
729 3614 938 3692 multorum
954 3614 1173 3692 testimonio
1192 3614 1480 3719 comprobante3
1497 3614 1617 3720 sopita
1634 3601 1740 3692 omhi

317 3774 470 3850 prorsus
493 3745 724 3851 calumpnia,
747 3746 787 3822 in
806 3773 938 3851 pacem
960 3762 997 3823 et
1017 3744 1257 3823 concordiam
1278 3745 1433 3821 tandem
1453 3744 1526 3821 hoc
1545 3745 1661 3822 modo
1677 3716 1762 3820 res

318 3867 481 3952 dierunt.
503 3877 599 3953 Cum
627 3904 739 3982 super
758 3877 845 3982 jure
874 3893 911 3953 et
930 3876 1157 3983 proprietate
1183 3892 1221 3953 et
1248 3875 1374 3952 dehita
1396 3876 1634 3981 possessione
1658 3902 1742 3980 par-

315 4025 372 4084 tes
394 4005 629 4094 diffiderent,
653 4022 837 4117 etgraves
857 4037 899 4084 ac
918 4006 1137 4114 frequentes
1157 4006 1417 4083 altercationes
1436 4007 1536 4083 inter
1555 4033 1594 4082 se
1616 4005 1741 4110 sepius

317 4137 517 4243 agitarent,
534 4138 687 4214 tandem
702 4137 946 4231 castellanus,
964 4132 1251 4244 importunitate
1265 4162 1421 4243 precum
1436 4135 1643 4222 Desiderii,
1660 4137 1743 4212 Mo·

316 4268 476 4344 rinensis
495 4269 677 4374 episcopi,
702 4268 889 4357 devictus,
912 4298 998 4346 cum
1028 4296 1096 4375 ego
1117 4296 1269 4375 quoque
1283 4268 1460 4374 'episcopi
1483 4267 1659 4372 precibus
1684 4294 1743 4342 ac·

317 4394 515 4473 clamarem
537 4428 649 4503 super
663 4398 813 4505 justicia
839 4426 921 4491 sua,
947 4429 1022 4507 qua
1042 4399 1237 4476 ecclesiam
1265 4399 1382 4475 sancti
1402 4398 1544 4476 bertini
1565 4396 1739 4489 vexabat,

316 4525 522 4603 amicorum
545 4529 701 4606 consilio
726 4546 764 4606 et
780 4529 973 4610 bonorum
992 4530 1189 4615 instinctu,
1216 4527 1417 4605 salubriter
1442 4529 1678 4635 resipiscens,
1700 4525 1741 4601 in

317 4658 505 4764 presentia
520 4686 652 4736 eorum
666 4687 785 4767 ⁴quos,
805 4661 1091 4761 lherosolimam
1111 4658 1365 4767 prolecturus,
1381 4660 1460 4736 vice
1477 4676 1514 4736 et
1533 4659 1617 4736 loco
1635 4683 1738 4748 meo,

256 4794 268 4809 ’
319 4790 492 4897 regimini
512 4789 688 4867 Flandrie
713 4818 862 4896 preesse
891 4792 1085 4881 constitui,
1109 4807 1152 4867 et
1164 4789 1324 4868 aliorum
1352 4789 1739 4898 quamplurimorum,
