4478 5842
323 467 396 542 tte
823 463 1233 536 CHARTULARIUM

319 606 512 695 fidelibus,
535 605 697 711 qualiter
712 606 928 696 Rotbertus,
948 603 1049 680 filius
1065 602 1209 695 Hoelis,
1227 603 1409 710 petitione
1430 601 1555 679 fidelis
1572 603 1629 679 sui
1646 603 1738 681 Ans·

319 738 436 828 fredi,
460 737 609 813 donavit
634 752 671 812 et
685 736 841 811 tradidit
858 734 1085 811 monasterio
1106 734 1248 809 Sanctae
1272 733 1480 822 Trinitatis,
1503 733 1607 838 quod
1622 734 1737 810 situm

319 885 375 944 est
401 866 595 972 Rotomagi
616 866 655 940 in
682 882 809 943 monte
831 864 963 963 Sancti
978 862 1186 952 Michaelis,
1208 862 1442 975 beneficium
1459 863 1497 938 in
1516 880 1736 968 perpetuam

318 998 602 1105 proprietatem,
625 996 729 1101 quod
752 996 830 1101 ipse
850 994 1040 1100 predictus
1058 993 1264 1072 Ansfredus
1287 996 1333 1071 de
1354 994 1422 1071 illo
1445 994 1567 1071 tenuit
1586 994 1624 1069 in
1643 995 1738 1072 Che-

319 1122 484 1216 vrevilla,
507 1127 548 1202 id
570 1142 626 1202 est
647 1126 841 1205 ecclesiam
866 1154 952 1200 cum
972 1125 1117 1200 decima
1135 1126 1253 1201 totius
1268 1124 1368 1202 ,viilae
1390 1142 1468 1202 ctx
1491 1152 1657 1211 mansos,
1679 1154 1736 1201 ac·

320 1258 437 1363 ceptis
452 1256 498 1332 ab
516 1269 567 1332 eo
582 1253 630 1333 xx
649 1256 755 1332 libris
775 1254 1033 1346 denariorum,
1051 1272 1088 1330 et
1106 1283 1176 1360 pro
1196 1255 1265 1339 hac
1280 1273 1379 1332 terra
1399 1272 1437 1331 et
1456 1282 1524 1362 pro
1546 1253 1628 1330 aliis
1647 1283 1739 1359 quas

322 1388 428 1464 dedit
456 1386 693 1466 monasteriis
721 1385 975 1463 Fiscambensi
1006 1402 1043 1461 et
1071 1385 1310 1462 Fontanellae.
1341 1386 1387 1461 Hi
1418 1401 1508 1493 sunt
1534 1402 1647 1462 testes
1674 1385 1739 1490 qui

322 1519 393 1594 boc
412 1517 588 1594 viderunt
608 1532 647 1592 et
665 1509 884 1604 audierunt,
908 1531 945 1590 et
964 1513 1037 1590 boc
1060 1514 1286 1590 affirmantes
1306 1515 1619 1620 subscripserunt.

494 1698 619 1780 Signum
633 1697 806 1767 Wunsnm,
834 1698 948 1758 comitis
969 1695 1138 1759 Arearum¹.
1158 1696 1284 1779 Signum
1308 1695 1467 1768 Gozsumr,
1492 1700 1677 1761 vicecomitis.
1696 1699 1739 1760 Si·

532 1822 626 1882 gnum
646 1800 837 1867 Gonaranov,
854 1799 1031 1858 vicecomitis
1042 1796 1061 1858 ².
1081 1798 1206 1881 Signum
1223 1801 1316 1880 ipsius
1335 1800 1483 1861 Roranam
1505 1801 1567 1883 qui*
1579 1800 1655 1861 banc
1674 1797 1742 1860 iecit

534 1902 728 1962 traditionem.
743 1901 868 1984 Signum
880 1899 1035 1963 Avsruror.
1203 1894 1208 1904 ⁴

910 2154 913 2159 ’
1000 2145 1067 2221 LI.

285 2439 298 2453 ‚-
337 2415 339 2419 ,
379 2343 488 2420 Anno
517 2343 715 2421 dominicae
743 2341 1005 2419 incarnationis
1029 2369 1175 2434 uitur,
1200 2334 1393 2421 Warulsus
1418 2344 1465 2419 de
1490 2339 1738 2433 Chevrevilla,

266 2522 269 2532 ·
317 2474 427 2580 jussu
452 2474 597 2550 domini
625 2474 681 2550 sui
708 2454 877 2549 lietberti
902 2472 949 2547 de
976 2471 1178 2560 Maineres,
1204 2473 1307 2549 misit
1330 2501 1441 2578 super
1464 2471 1578 2548 altare
1599 2471 1740 2549 Sanctae

286 2588 288 2593 ⁵
322 2604 518 2680 Trinitatis
543 2604 785 2683 donationem
805 2622 911 2681 terrae
932 2595 1259 2709 Cbevrevillaeper
1277 2632 1398 2690 unum
1423 2601 1610 2708 capellum
1625 2600 1742 2706 vulpi·

324 2761 435 2825 num,
458 2762 500 2810 ea
520 2734 663 2811 ratione
685 2751 729 2810 ut
747 2725 875 2811 nulius
896 2761 940 2809 ex
956 2730 1093 2817 eadem,
1107 2750 1206 2810 terra
1222 2751 1287 2810 aut
1302 2733 1491 2810 vendendi
1511 2749 1575 2809 aut
1590 2733 1629 2807 in
1647 2730 1744 2806 vadi·

325 2864 497 2940 monium
510 2865 624 2941 dandi
639 2865 781 2942 babeat
788 2862 1022 2951 facultatem,
1039 2864 1109 2939 nisi
1127 2892 1194 2970 per
1209 2864 1381 2942 abbatem
1397 2864 1663 2951 Isembertum,
1680 2886 1744 2936 co-

325 3022 405 3069 ram
425 3023 502 3100 quo
522 2995 615 3070 sacta
636 3012 693 3071 est
716 2996 795 3071 haec
820 2994 985 3071 donatio.
1014 2994 1135 3103 Hujus
1159 2993 1311 3073 licentia
1337 2995 1499 3072 domnus
1526 2991 1740 3103 Rainerius,

324 3141 415 3199 tunc
434 3125 655 3211 monachus,
668 3122 935 3228 postea-abbas,
954 3123 1062 3201 dedit
1076 3124 1227 3229 praeiato
1242 3126 1423 3203 lictberto
1436 3111 1587 3201 centum
1603 3121 1744 3198 solidos

324 3281 393 3359 pro
412 3268 509 3329 terra
529 3252 708 3339 Osberni,
730 3251 799 3328 filii
813 3251 994 3358 Maingot,
1016 3273 1207 3329 annuente
1227 3255 1309 3358 ipso
1324 3253 1514 3344 Osberno,
1531 3252 1612 3329 filio
1632 3251 1745 3328 Main-

325 3399 399 3488 got.
419 3381 496 3460 Sed
513 3399 551 3458 et
561 3381 855 3488 ipseRotbertus
869 3381 916 3458 ab
931 3381 1064 3458 abbate
1084 3381 1291 3459 lsemberto
1307 3374 1346 3459 et’
1359 3382 1567 3472 monachis,
1585 3380 1744 3485 acceptis

326 3529 478 3590 centum
499 3512 647 3603 solidis,
668 3512 824 3589 tradidit
843 3530 881 3589 et
904 3511 1009 3589 dedit
1028 3512 1169 3590 Sancta
1184 3511 1357 3588 Trinitati
1377 3513 1417 3587 in
1439 3511 1608 3625 alodium
1623 3527 1743 3588 totam

327 3640 482 3720 moltam
511 3640 776 3753 Cbevrevillae3¹
790 3642 872 3746 lpse
900 3644 1011 3718 etiam
1040 3641 1243 3718 Rotbertus
1270 3641 1376 3718 dedit
1400 3642 1541 3741 Sanctae
1566 3639 1742 3718 Trinitati

327 3789 506 3877 quattuor
527 3799 677 3850 mansos
691 3768 985 3857 inssChevrevilla
997 3796 1067 3878 pro
1088 3798 1138 3851 vu
1158 3770 1265 3850 {ibris
1285 3770 1539 3850 denariorum.
1555 3772 1648 3848 Nam
1666 3789 1743 3847 tres

327 3903 448 3980 erbis
469 3903 606 3979 mansis
624 3884 844 4012 Ansfredits,
867 3901 968 3979 filius
994 3902 1116 3989 Adlae,
1138 3902 1241 4006 prius
1264 3902 1310 3977 de
1333 3901 1414 4008 ipso
1434 3918 1567 3978 tenens
1587 3901 1626 3976 in
1642 3901 1745 3977 vadi-

327 4032 522 4119 monium,
548 4060 617 4138 pro
635 4025 893 4109 tribus‘libris
913 4031 1069 4138 dederat
1092 4059 1157 4110 eos
1177 4031 1319 4108 Sanctae
1348 4030 1535 4108 Trinitati.
1567 4031 1742 4109 Monacbi

327 4189 414 4239 vero
437 4160 666 4239 addiderunt
690 4162 750 4238 his
773 4161 896 4238 tribus
919 4161 1025 4239 libris
1049 4178 1240 4268 quattuor,
1266 4179 1305 4237 et
1331 4160 1522 4239 dederunt
1543 4160 1741 4246 Rotberto,

327 4308 364 4367 et
384 4293 434 4368 ita
454 4311 679 4397 acceperunt
696 4292 743 4368 ab
761 4321 806 4368 eo
825 4291 913 4370 illos
930 4311 1006 4371 tres
1025 4320 1192 4380 mansos,
1213 4309 1251 4368 et
1270 4309 1446 4398 quartum
1465 4291 1621 4369 nomine
1641 4289 1745 4367 Udo-

370 4481 377 4510 ¹
402 4481 494 4544 Filius
509 4499 570 4547 erat
585 4486 701 4546 Ricardi
719 4484 758 4554 li,
772 4485 855 4546 ducis
866 4485 1008 4545 Norman-
1063 4483 1254 4545 Ebroicensis.
1271 4483 1396 4568 Uxorem
1413 4484 1534 4546 duxerat
1550 4482 1643 4544 filiam
1657 4483 1745 4546 Goae·

329 4607 453 4657 norum,
468 4599 497 4647 et
511 4589 627 4649 Paveiae.
696 4651 699 4659 ,
765 4634 784 4653 .,
1064 4587 1132 4656 lini,
1158 4588 1334 4648 vicecomitis
1358 4585 1534 4656 Archarum,
1557 4607 1617 4670 quo
1649 4583 1745 4666 adhuc

371 4686 381 4718 ¹
405 4686 498 4749 Filius
508 4688 634 4750 Osberni
645 4669 681 4749 de
690 4679 798 4750 ss‘olbec‘
808 4703 837 4751 et
849 4701 928 4771 pater
936 4688 1009 4751 wit·
1066 4690 1197 4758 vivente,
1227 4689 1387 4751 vicecomes
1417 4687 1580 4751 Ambarum
1609 4686 1743 4769 designa·

329 4789 706 4864 lslmidrcbensismecnou
718 4789 873 4853 Gislsberti
883 4793 1011 4875 episcopi
1065 4804 1112 4852 tus
1124 4803 1175 4852 est.
