4478 5842
524 451 572 521 96
874 450 1281 523 CHARTULARIUM
1308 450 1589 523 Sl'PHlENSE.

522 590 686 667 Transiit
707 608 832 667 autem
857 591 897 666 in
922 590 1167 697 suprascripta
1195 591 1300 683 villa,
1328 620 1427 669 anno
1454 592 1718 669 incarnationis
1745 581 1941 672 dominioae

521 747 668 800 ncccnv.
687 721 893 797 indictione
909 748 959 796 ιιι.
982 720 1074 797 seria
1094 748 1144 798 ιιι.
1168 739 1465 826 vesperascente,
1485 721 1550 829 qui
1575 740 1653 798 erat
1675 751 1795 799 annus
1808 724 1940 830 prelati

302 857 334 908 ¹⁵
347 854 402 906 ¹¹⁰⁰·
419 856 482 909 ⁸⁵⁵⁴
522 854 618 960 regis
636 850 761 930 Karoli
784 857 862 929 ιιιι.1
886 868 925 926 et
943 850 1174 957 episcopatus
1194 852 1310 957 ipsius
1329 850 1429 928 beati
1447 852 1607 957 presulis
1630 835 1719 943 rust,
1745 881 1843 932 xvur.
1868 854 1937 934 lat.

516 983 690 1090 januarii.
712 985 916 1090 Rogaverat
931 998 1054 1057 autern
1071 981 1191 1058 isdem
1207 981 1384 1086 pontifex,
1402 998 1454 1071 ut,
1472 982 1590 1059 sicubi
1610 982 1729 1058 exitus
1746 984 1825 1091 ejus
1840 1014 1943 1061 acce·

521 1112 637 1204 deret,
656 1141 791 1216 corpus
803 1110 904 1187 illius
920 1110 968 1187 ad
983 1111 1108 1188 Sithiu
1124 1112 1409 1202 monasterium,
1427 1112 1467 1187 in
1481 1111 1634 1189 basilica
1653 1115 1768 1190 sancti
1783 1116 1939 1207 Bertini‚

439 1251 443 1258 '
519 1260 732 1347 portaretur
746 1240 1024 1317 tumulandum.
1045 1240 1232 1357 Defuncto
1248 1259 1374 1318 autem
1397 1240 1481 1333 illo,
1502 1272 1587 1319 cum
1609 1243 1734 1319 clerici
1752 1245 1831 1352 ejus
1851 1273 1942 1351 que-

520 1391 647 1451 rerent
656 1372 816 1479 qualiter
829 1370 939 1449 illum
952 1372 1000 1449 ad
1013 1373 1268 1477 supradictum
1281 1372 1408 1449 locum
1419 1389 1568 1478 portare
1580 1375 1799 1479 potuissent,
1812 1377 1852 1451 in
1865 1377 1942 1484 ipsa

521 1519 643 1595 nocte,
661 1505 773 1579 flante
789 1519 900 1579 vento
917 1501 1086 1590 australi,
1104 1502 1226 1577 omnis
1239 1500 1302 1577 illa
1316 1530 1498 1607 aquarum
1510 1502 1773 1582 indimetibilis
1785 1504 1943 1614 prosun-

522 1631 616 1708 ditas
639 1660 712 1737 qua
736 1630 896 1738 cingitur
915 1628 1039 1706 Sithiu
1063 1626 1201 1719 insula,
1223 1629 1273 1705 ita
1295 1628 1522 1736 congelavit,
1544 1647 1604 1722 ut,
1631 1660 1742 1710 mane
1768 1634 1942 1742 exequias

521 1761 636 1838 sancti
652 1761 819 1865 corporis
834 1757 1111 1847 deferentibus,
1133 1757 1394 1836 firmissimum
1408 1787 1504 1865 aqua
1516 1788 1686 1865 gressum
1702 1789 1770 1867 per
1782 1761 1941 1870 glaciem

520 1890 695 1996 preberet
715 1890 907 1977 euntibus3
934 1888 1056 1995 quod,
1086 1888 1126 1964 in
1147 1886 1300 1966 hiemali
1326 1905 1515 1994 ternpore,
1540 1888 1598 1964 vix
1622 1908 1768 1994 septem
1792 1890 1942 1971 dierum

521 2020 624 2129 algor
650 2021 746 2098 valet
766 2019 924 2098 efficere.
947 2019 1198 2124 Deportautes
1219 2036 1346 2095 autem
1371 2016 1471 2095 beati
1495 2017 1562 2093 viri
1588 2048 1722 2125 eorpus
1744 2020 1792 2094 ad
1817 2021 1940 2109 Sithiu

521 2149 808 2240 monasterium,
831 2149 877 2226 ad
898 2148 995 2228 latus
1015 2148 1132 2227 sancti
1154 2148 1296 2229 Bertini
1319 2147 1491 2226 dextrum
1514 2165 1570 2225 est
1587 2146 1827 2227 tumulatum.

1176 2423 1286 2499 XIV.

1087 2607 1176 2649 nucu
1197 2605 1373 2649 CAPITULUU.

577 2786 712 2861 Fertur
730 2802 857 2860 autern
874 2783 1040 2859 eundern
1053 2780 1176 2858 virum
1191 2782 1261 2859 Dei
1278 2810 1420 2888 equum
1438 2782 1630 2889 quendam
1646 2779 1837 2876 habuisse,
1854 2785 1937 2891 qui,

520 2916 696 3021 quotiens
711 2915 783 2989 iter
803 2912 1003 3019 aliquoties
1018 2940 1168 3018 carpere
1189 2911 1316 2999 vellet,
1339 2912 1387 2988 ad
1404 2909 1629 3017 obsequium
1648 2911 1716 2988 viri
1730 2913 1800 2991 Dei
1819 2942 1940 3022 genua

521 3043 708 3130 flecteret,
734 3059 777 3118 ut
803 3042 943 3119 scilicet
968 3041 1109 3149 absque
1136 3039 1217 3117 ullo
1237 3039 1366 3117 labore
1388 3056 1494 3149 tergo
1516 3038 1617 3118 illius
1637 3043 1873 3148 equitaturus
1892 3073 1941 3123 as·

522 3173 709 3250 cenderet.
732 3175 842 3249 Hunc
866 3189 993 3249 autem
1015 3169 1142 3248 lerunt
1158 3169 1336 3247 fratribus
1353 3171 1522 3248 dandum
1547 3188 1633 3250 ante
1659 3173 1740 3278 ejus
1758 3170 1941 3250 feretrum

425 3390 430 3399 Ι
520 3304 677 3409 preisse,
695 3304 764 3381 sed
774 3330 926 3380 omnem
943 3301 1119 3407 deinceps
1128 3300 1327 3386 ‚hominem
1341 3298 1439 3377 ferre
1455 3328 1653 3390 recusasse,
1668 3329 1736 3377 nec
1743 3329 1871 3406 passus
1882 3320 1941 3393 ¹est

486 3482 493 3493 ·
519 3450 605 3538 post
616 3434 786 3511 membra
799 3433 893 3510 tanti
909 3431 1098 3538 pontilicis
1112 3428 1366 3537 voluptatibus
1383 3431 1568 3507 deservire
1589 3430 1745 3539 alicujus
1762 3431 1937 3509 bominis.

521 3566 597 3657 Qui
613 3593 693 3642 non
705 3563 820 3674 longo
839 3580 925 3672 post
937 3580 1110 3670 tempore
1125 3579 1315 3651 mortuus,
1333 3589 1420 3659 cum
1433 3559 1588 3641 canibus
1603 3560 1709 3669 cibus
1724 3579 1820 3640 esset
1834 3586 1941 3669 appo

519 3694 630 3784 situs,
648 3725 668 3771 a
686 3695 802 3772 nullis
822 3692 976 3770 illorum
995 3711 1050 3770 est
1065 3708 1233 3768 attactus.
1251 3692 1298 3768 Et
1313 3690 1449 3767 merito
1469 3691 1624 3770 cadaver
1638 3688 1719 3800 ejus
1734 3719 1842 3769 canes
1861 3718 1940 3771 nou

519 3840 693 3930 poterant
721 3825 897 3913 lacerare,
925 3850 1037 3929 super
1061 3850 1175 3930 quem
1199 3820 1387 3930 ymnidica
1406 3821 1546 3898 cantica
1573 3820 1723 3904 Christo
1748 3822 1940 3903 decantata

521 3973 626 4032 erant
640 3954 842 4062 sepissime.
858 3952 973 4050 Quod
987 3951 1156 4031 videntes
1170 3952 1277 4045 cives,
1293 3981 1381 4030 eum
1394 3946 1561 4029 huinano
1575 3979 1679 4028 more
1696 3950 1937 4056 sepelierunt,
2066 4040 2069 4045 ⁸

520 4113 635 4192 quem
649 4114 718 4163 nec
737 4084 864 4164 bestiae
884 4113 953 4163 nec
969 4082 1138 4162 volucres
1156 4101 1309 4192 tangere
1328 4097 1648 4191 presiunpserunt.
1724 4164 1732 4179 ‚

565 4341 571 4370 ¹
596 4345 696 4406 Mense
718 4342 866 4404 decembri
890 4343 966 4410 855,
980 4345 1044 4425 jam
1066 4341 1202 4404 currebat
1257 4340 1402 4423 siquidem
1418 4337 1663 4422 exsuperioribus
1680 4294 1718 4417 (1,
1735 4338 1785 4406 55.
1802 4348 1831 4398 et
1850 4357 1883 4404 ιι.
1900 4340 1961 4417 [ψ

522 4464 616 4504 annus
638 4463 686 4504 rvr
699 4442 793 4503 Caroli
810 4442 898 4503 Calvi.
1256 4440 1341 4502 filum
1362 4443 1393 4501 in
1411 4440 1511 4502 sedem
1529 4440 1726 4502 Morinensem
1747 4437 1939 4503 sublimatum

564 4542 574 4572 ¹
598 4544 719 4607 Emend.
749 4557 781 4605 ut
806 4545 934 4614 videtur,
960 4551 1059 4607 xxxii.
1082 4545 1203 4607 Constat
1257 4542 1345 4605 fuisse
1359 4563 1437 4603 anno
1454 4544 1525 4623 817.
