4478 5842
289 4686 321 4783 's

761 498 1079 572 MONASTERH
1112 496 1318 570 SANGTAE
1349 495 1654 568 TRINITATIS.
1844 494 1917 568 [125

500 647 648 751 signum
677 641 808 750 erigat,
844 657 979 719 nostrae
1010 640 1238 718 auctoritatis
1271 637 1465 745 privilegio
1495 637 1711 722 firmamus,
1744 655 1780 715 et
1815 638 1918 715 anuli
2023 648 2024 657 ’

501 774 618 851 nostri
638 771 885 878 impressione
904 770 1137 848 roboramus.

668 991 791 1075 Signum
817 990 986 1060 Roranam,
1009 991 1156 1052 marchisi.
1186 989 1311 1075 Signum
1336 989 1501 1058 Rcrssnrv,
1529 990 1738 1072 archiepiscopi
1752 990 1770 1048 ¹.
1795 991 1918 1072 Signum

709 1091 865 1162 Gozsmru,
882 1095 1071 1162 vicecomitis,
1089 1093 1141 1176 qui
1156 1091 1237 1153 hunc
1254 1093 1352 1154 locum
1371 1092 1530 1153 construxit
1548 1105 1575 1152 et
1598 1089 1741 1153 donativis
1763 1091 1919 1174 ampliavit.

711 1194 836 1277 Signum
857 1196 1008 1265 Honoras,
1025 1193 1180 1278 episcopi¹.

508 1395 511 1401 ¹
557 1407 646 1484 Acta
669 1424 755 1483 sunt
775 1406 854 1514 haec
873 1434 971 1482 anno
992 1404 1190 1482 dominicae
1203 1404 1469 1480 incarnationis
1486 1402 1689 1480 millesimo
1710 1403 1917 1484 tricesimo,

502 1537 706 1614 indictione
730 1536 845 1614 tercia
870 1535 1033 1626 decima,
1055 1534 1236 1611 Rotberto
1255 1563 1344 1641 rege
1364 1536 1608 1621 Francorum,
1631 1533 1812 1611 Rotberto
1834 1562 1920 1608 vero

503 1668 649 1744 Ricardi
665 1666 745 1742 lilio
764 1668 1066 1742 Normannornm
1082 1692 1243 1771 regnum
1264 1664 1495 1740 moderante.

1184 1994 1237 2066 II.

557 2191 686 2267 Pateat
701 2188 879 2266 omnibus
894 2188 1105 2293 christisnae
1114 2186 1308 2293 religionis
1318 2183 1512 2275 fidelibus,
1528 2186 1766 2291 presentibus
1782 2188 1923 2266 scilicet
2023 2272 2033 2285 ,

504 2319 716 2411 soluturis,
734 2319 897 2422 qualiter
909 2316 1155 2408 Isembertus‚
1173 2315 1290 2422 gratia
1303 2316 1390 2402 Dei,
1411 2314 1632 2393 venerabidis
1644 2315 1759 2393 abbas
1773 2344 1922 2394 monas-

503 2451 588 2526 terii
605 2450 646 2525 in
666 2450 811 2526 honore
831 2464 964 2525 sancte
985 2464 1023 2526 et
1040 2447 1244 2527 individuae
1264 2445 1462 2529 Trinitatis
1484 2463 1691 2551 sancteque
1715 2448 1785 2524 Dei
1811 2475 1924 2554 gene-

503 2579 606 2656 tricis
626 2597 664 2655 et
687 2607 837 2685 semper
855 2577 1006 2684 virginis
1025 2577 1150 2654 Mariae
1171 2595 1283 2682 atque
1306 2576 1480 2653 omnium
1505 2593 1718 2655 sanctorum
1743 2578 1921 2665 dedicati,
2018 2657 2024 2674 ‚

505 2738 582 2785 non
599 2710 678 2786 sine
694 2737 831 2817 magno
848 2707 1038 2786 desiderio
1050 2725 1087 2784 et
1099 2707 1282 2811 petitione
1296 2708 1414 2811 totius
1427 2707 1725 2815 congregationis
1742 2706 1812 2784 sibi
1824 2735 1920 2783 com·

507 2839 643 2927 missae,
667 2838 791 2914 divina
810 2838 954 2916 favente
980 2837 1198 2927 clementia,
1222 2837 1396 2943 predium
1416 2836 1603 2924 Heltonis‚
1625 2837 1730 2941 quod
1753 2837 1920 2942 possedit

507 2966 711 3044 Gozelinus
727 2968 952 3055 vicecomes,
977 2967 1201 3044 Novientum
1223 2967 1365 3043 scilicet
1385 2995 1472 3043 oum
1495 2965 1672 3042 omnibus
1697 2967 1923 3074 appenditiis

506 3097 601 3186 suis,
625 3096 666 3172 id
691 3107 854 3174 estcum
878 3094 1080 3174 medietate
1100 3097 1293 3189 Drineur't,
1317 3114 1356 3178 et
1373 3095 1575 3174 medietate
1598 3094 1753 3187 Allaun,
1776 3113 1922 3175 etcum

506 3227 629 3308 viculo
647 3228 838 3316 Norberti,
854 3227 1042 3318 ecclesiis,
1064 3224 1309 3317 molendinis,
1325 3227 1446 3334 aquis,
1463 3227 1598 3334 pratis,
1615 3229 1760 3333 pascuis
1778 3231 1924 3306 ceteris

506 3387 580 3462 que
592 3359 832 3465 hujusmodi,
855 3359 902 3439 ab
924 3360 1007 3464 ipso
1023 3348 1190 3437 Heltone¹
1203 3358 1404 3465 predictus
1421 3358 1536 3437 abbas
1551 3359 1767 3436 'eternaliter
1793 3379 1924 3436 sanctas

506 3488 680 3565 Trinitati
702 3489 937 3565 existendum
955 3491 1189 3596 comparavit.
1205 3489 1322 3581 Quod
1339 3488 1478 3566 factum
1496 3488 1660 3565 laudavit
1679 3489 1917 3576 willelmus,

507 3645 634 3695 comes
643 3620 889 3710 Normanniae,
904 3636 942 3696 et
953 3619 1185 3710 Willelmus,
1197 3618 1299 3697 lilius
1310 3616 1497 3698 Willelmi
1509 3618 1668 3710 comitis,
1681 3619 1747 3725 qui
1759 3637 1798 3697 et
1807 3621 1925 3698 lieres

507 3750 694 3837 Heltonis‚
710 3767 748 3827 et
763 3748 966 3827 Rotbertus
981 3776 1106 3826 comes
1120 3748 1239 3826 frater
1249 3751 1345 3857 ejus,
1360 3750 1552 3856 ceterique
1565 3749 1767 3857 principes,
1780 3751 1924 3831 Niellns·

507 3879 647 3959 scilicet
672 3898 709 3957 et
727 3879 929 3958 Turstinus
950 3880 1205 3970 vicecomites,
1227 3899 1266 3959 ot
1284 3881 1347 3958 alii
1366 3881 1612 3988 quamplures
1634 3910 1721 3958 cum
1751 3884 1924 3960 universo

506 4010 662 4115 populo.
678 4011 726 4088 Et
735 4027 777 4087 ut
787 4010 1241 4101 haeclimriusteneantur,
1260 4024 1418 4118 rogante
1428 4011 1563 4089 abbate
1578 4029 1616 4088 et
1631 4013 1774 4091 cunctis
1788 4014 1924 4118 priuci-

507 4140 629 4247 pibus,
650 4168 776 4218 comes
788 4141 867 4247 ipse
883 4141 1119 4247 supradictus
1133 4142 1302 4248 primum
1315 4142 1559 4220 donationem
1573 4141 1678 4232 lecit,
1696 4160 1733 4219 et
1750 4161 1835 4248 post
1849 4146 1925 4220 haec

507 4274 672 4348 chartam
693 4272 843 4378 propria
862 4300 978 4349 manu
997 4272 1197 4351 roboravit.
1215 4273 1524 4379 Subscripscrunt
1541 4291 1581 4351 et
1598 4271 1663 4372 alii
1684 4275 1926 4381 quamplures

509 4431 552 4477 ex
567 4401 814 4508 principibus,
830 4403 1065 4511 supradictus
1076 4404 1217 4482 scilicet
1231 4403 1466 4495 Willelmus,
1479 4405 1589 4483 heres
1603 4404 1792 4493 Heltonis‚
1807 4424 1845 4483 et
1855 4403 1924 4482 lilii
1991 4414 1996 4430 '

552 4632 560 4662 ¹
584 4634 755 4703 Rotbertus,
776 4633 1009 4726 archiepiscopus
1035 4635 1190 4703 nonome-
1247 4601 1390 4720 tempore,
1404 4617 1625 4699 inNormannia
1634 4599 1806 4706 existebant,
1818 4636 1928 4705 seilicet

510 4737 622 4817 gensis,
637 4737 715 4797 lilius
729 4736 846 4798 Ricardi
859 4736 886 4806 l,
899 4737 983 4798 ducis
995 4737 1188 4798 Normanniae.
1246 4738 1427 4807 Baiocensis,
1460 4736 1645 4800 Abrineensis
1671 4751 1701 4799 et
1733 4739 1924 4800 Ebroioensis.

553 4837 570 4943 ¹·
584 4839 653 4901 Tres
678 4841 804 4924 episcopi
823 4839 955 4924 ejusdam
975 4841 1115 4908 nominis,
1136 4839 1192 4902 boc
1246 4841 1427 4924 Cujussedis
1436 4843 1474 4901 sit
1484 4841 1532 4903 bic
1542 4843 1639 4924 Hugo,
1651 4843 1748 4904 dicus
1759 4844 1924 4924 nequimus.
