4478 5842
489 516 509 541 ⁴
577 495 895 569 MONASTERH
928 438 1135 568 SANCTd]
1166 499 1466 572 TRINITATIS.
1655 501 1728 574 1125

316 641 400 716 dem
416 631 681 714 Erohembaldi
698 637 940 726 vicecomitis,
959 655 1149 713 annuente
1165 637 1378 727 willelmo,
1399 641 1534 718 comite
1553 641 1732 716 Norman-

312 796 460 844 norum.

482 951 605 1033 Signum
633 931 764 1033 ejusdem
790 951 967 1018 Wrmscur,
995 952 1118 1012 comitis.
1151 952 1278 1033 Signum
1305 952 1483 1019 Wrmsmu,
1510 950 1564 1012 filii
1595 952 1728 1013 Osberni.

522 1053 647 1134 Signum
664 1053 807 1121 Qunam.
823 1051 917 1112 fratris
934 1055 1006 1135 ejus.
1024 1052 1149 1134 Signum
1168 1054 1280 1121 Euris,
1294 1054 1394 1113 matris
1409 1074 1527 1121 eorum,
1542 1075 1670 1137 quorum
1688 1070 1729 1115 est

523 1156 585 1217 haec
608 1155 735 1216 donatio.
762 1154 886 1236 Signum
910 1155 1015 1224 Caocr,
1039 1154 1094 1215 [ilii
1113 1156 1272 1238 supradicti
1295 1154 1507 1218 Erchemhaldi.
1531 1154 1655 1238 Signum
1677 1158 1729 1217 Ea-

522 1278 709 1327 casuaacm,
725 1257 820 1317 fratris
837 1260 910 1340 ejus.
927 1255 1051 1339 Signum
1064 1257 1246 1319 Gonssonnr.
1267 1256 1392 1338 Signum
1407 1257 1587 1318 Danssocm.
1604 1259 1728 1340 Signum

522 1357 684 1427 Aasraem,
697 1359 752 1419 lilii
763 1358 897 1421 Osbemi.
908 1358 1033 1440 Signum
1045 1357 1235 1428 Giscaasnrr,
1249 1359 1304 1419 lilii
1315 1359 1441 1441 Turgisi.
1454 1359 1577 1440 Signum
1590 1360 1728 1425 Rocsnu,

519 1459 572 1520 filii
585 1459 757 1520 Salomonis.
772 1459 896 1543 Signum
911 1461 1069 1522 Nonusuru
1081 1461 1119 1522 de
1132 1461 1265 1522 Pleiedir.
1280 1461 1406 1543 Signum
1417 1461 1574 1521 Wrrsenrr
1591 1460 1637 1520 del
1650 1462 1726 1521 Puiz.

524 1561 648 1643 Signum
665 1562 824 1631 Tonsruu,
837 1561 890 1622 [ilii
905 1562 982 1623 Bloc.

995 1866 1040 1940 V.

371 2056 547 2134 Noverint
566 2057 689 2133 cuncti
716 2055 865 2143 fideles,
893 2073 970 2132 tam
995 2072 1186 2161 presentes
1209 2083 1323 2161 quam
1357 2056 1504 2143 futuri,
1526 2058 1632 2162 quod
1662 2058 1728 2134 Er·

316 2184 561 2263 chembaldus
573 2187 796 2277 vicecomes,
811 2184 980 2292 quando,
996 2185 1067 2262 Dei
1080 2184 1323 2291 inspiratione
1338 2201 1376 2261 et
1389 2214 1455 2262 sua
1467 2186 1667 2290 petitione,
1689 2188 1728 2262 in

316 2333 446 2394 nostro
458 2316 638 2396 coenobio
655 2316 863 2394 monachus
877 2333 934 2392 est
949 2314 1121 2406 effectus,
1137 2315 1177 2391 in
1198 2312 1264 2391 illo
1286 2315 1345 2391 die
1367 2315 1474 2391 dedit
1491 2316 1634 2392 Sanctae
1648 2317 1729 2391 Tri-

315 2448 421 2525 nitati
444 2465 547 2553 prata
570 2448 616 2524 de
641 2446 793 2536 Salhus,
822 2463 859 2523 et
881 2445 954 2523 hoc
979 2446 1084 2552 quod
1105 2445 1144 2521 in
1168 2443 1380 2521 Sarlosvilla
1394 2444 1481 2551 jure
1501 2444 1728 2521 hereditario

316 2576 541 2680 possidebat.
558 2576 656 2653 Huic
676 2575 870 2653 donationi
890 2574 1023 2651 annuit
1038 2574 1256 2664 Rotbertus,
1274 2601 1400 2651 comes
1412 2575 1727 2669 Normaunorum.

484 2757 610 2839 Signum
630 2758 763 2842 ejusdem
785 2738 954 2825 llorssiirt,
976 2758 1100 2818 comitis.
1127 2757 1253 2837 Signum
1279 2755 1421 2823 Osssam,
1446 2755 1574 2838 dapiferi.
1604 2755 1729 2835 Signum

526 2861 658 2943 ejusdem
681 2861 903 2922 Eacasunrum.
932 2859 1057 2940 Signum
1077 2859 1258 2929 Fusucours,
1278 2858 1372 2920 fratris
1393 2863 1465 2943 ejus.
1486 2858 1610 2940 Signum
1632 2855 1731 2920 Gista-

526 2983 627 3033 uram,
655 2963 814 3024 senescalli.
844 2962 970 3044 Signum
997 2963 1156 3024 Noenum
1184 2961 1222 3023 de
1248 2960 1410 3024 Hernicum
1435 2961 1477 3022 Ex
1508 2971 1605 3021 nostra
1629 2970 1729 3042 parte:

525 3062 649 3149 Signum
665 3063 793 3133 Ooouts',
817 3063 871 3125 lilii
890 3061 1064 3124 Auschitilli.
1084 3062 1210 3147 Signum
1224 3061 1380 3125 Hannonis
1402 3062 1440 3124 de
1459 3060 1585 3124 Canaan.
1605 3059 1730 3142 Signum

526 3164 686 3235 ernsnm,
707 3167 832 3228 sartoris.
860 3165 986 3248 Signum
1004 3165 1207 3235 tamarum.
1228 3166 1351 3248 pistoris.
1387 3208 1388 3211 ,

986 3452 1064 3567 vn

371 3644 560 3749 Tempore
587 3672 663 3749 quo
688 3642 882 3721 Osbemus
908 3640 1052 3748 dapifer
1079 3671 1100 3718 a
1129 3642 1204 3720 suis
1238 3637 1411 3719 hostibus
1444 3656 1501 3718 est
1533 3641 1733 3748 interemp

315 3790 377 3848 tus
390 3774 419 3861 ¹,
445 3772 671 3860 Gulbertus‚
697 3770 799 3850 lilius
818 3771 1082 3850 Erchembaldi
1100 3772 1347 3862 vicecomitis,
1370 3769 1496 3850 [idelis
1523 3772 1618 3881 ejus,
1645 3802 1731 3848 cum

317 3929 362 3979 eo
382 3901 540 4008 graviter
558 3917 615 3977 est
628 3899 855 3978 vulneratus.
873 3901 965 3996 Qui,
988 3902 1036 3979 de
1056 3901 1188 3978 animae
1208 3930 1282 3979 suae
1302 3900 1422 3978 salute
1442 3900 1639 3993 sollicitus,
1661 3901 1731 3978 Dei

315 4030 429 4138 gratia
446 4029 670 4136 inspirante,
685 4028 756 4107 sub
768 4031 908 4109 domno
924 4030 1057 4110 abbate
1070 4030 1277 4109 isemberto
1290 4030 1432 4109 Sanctae
1447 4029 1639 4108 Trinitatis
1651 4060 1733 4107 mo·

317 4160 459 4237 nachus
484 4176 541 4237 est
565 4157 740 4236 effectus.¹
757 4160 811 4237 ln.
825 4158 886 4236 die
911 4160 1123 4270 igiturque
1143 4158 1335 4269 religionis
1362 4159 1530 4238 habitum
1556 4162 1730 4267 sumpsit,

318 4290 424 4368 dedit
439 4289 582 4368 Sanctae
597 4289 773 4366 Trinitati
788 4288 924 4367 vallem
939 4291 1101 4369 Richerii
1118 4309 1156 4368 et
1173 4308 1276 4397 prata
1298 4291 1346 4368 de
1358 4289 1514 4381 Reduil,
1533 4278 1734 4367 annuenti-

366 4508 373 4538 ¹
397 4510 564 4582 Osbernus,
586 4511 666 4573 {ilius
687 4511 829 4579 liei-fasti,
849 4510 998 4573 Gunnoris
1055 4525 1144 4574 strato
1162 4534 1247 4575 suos
1266 4511 1427 4579 Willelmo,
1444 4510 1561 4595 Rogerii
1579 4511 1617 4573 de
1637 4511 1734 4575 Monte

319 4604 474 4674 comitisse
494 4613 746 4698 fratris,quadam
760 4626 860 4683 noete.
876 4615 949 4688 dum
966 4616 996 4674 in
1053 4615 1176 4678 Gumeri
1191 4615 1265 4685 lilio,
1274 4614 1436 4700 jugulatur.
1452 4613 1629 4696 (Willelmus
1648 4612 1724 4675 Gem

154 4700 218 4777 ’·.·“”
319 4714 458 4777 cubiculo
480 4715 563 4778 ducis
587 4715 769 4799 (willelmi)
789 4738 859 4778 cum
881 4717 944 4800 ipso
964 4717 996 4777 in
1053 4719 1235 4788 maticensis,
1256 4718 1309 4780 lib.
1325 4717 1393 4790 Vll,
1411 4738 1474 4800 cap.
1491 4718 1543 4797 11.)

108 4818 152 4939 ἧς,
320 4815 395 4879 valle
406 4817 521 4881 liodoili
534 4841 652 4885 securus
664 4833 823 4903 soporatur,
834 4833 952 4903 repente
964 4821 995 4882 in

1487 4920 1525 4985 5lt
