4478 5842
449 479 568 553 PARS
593 477 792 551 TERTIA.
811 518 862 530 ——
881 472 1305 549 CONTINUATORES
1331 469 1550 545 SIMONIS.
1631 465 1704 537 559

742 728 894 770 exaurata
917 727 1011 769 HUJUS
1033 723 1257 767 REGOENITIONIS.

355 881 587 957 «lunomine
600 879 718 958 Patris
731 896 769 955 et
782 876 867 955 Filii
883 893 920 953 et
932 876 1091 982 Spiritus
1106 874 1248 961 Sancti,
1261 900 1382 948 amen.
1399 872 1478 980 Ego
1494 871 1709 976 Philippus,
1797 895 1878 957 11'72.

298 1009 368 1086 Dei
385 1010 519 1115 gratia,
536 1008 824 1086 Flandrensium
840 1032 983 1096 comes,
1000 1023 1134 1083 notum
1149 1003 1238 1081 latio
1252 1003 1488 1108 presentibus
1506 1018 1544 1078 et
1559 1001 1710 1083 futuris,

299 1138 402 1243 quod
422 1140 687 1237 controversia,
709 1166 783 1247 que
802 1138 902 1214 inter
918 1131 1205 1221 Godescalcum,
1226 1131 1398 1209 abbatem
1416 1131 1532 1209 sancti
1552 1131 1711 1220 Bertini,

301 1285 339 1342 et
355 1267 614 1352 Willelmum,
631 1267 874 1344 castellanum
894 1265 1018 1342 Sancti
1037 1263 1259 1352 Andomari,
1281 1290 1350 1367 pro
1365 1261 1590 1366 quibusdam
1610 1261 1716 1365 palu-

301 1394 428 1483 dibus,
454 1396 521 1472 diu
545 1416 685 1473 versata
708 1414 778 1483 est,
802 1397 875 1472 hoc
893 1393 1046 1470 tandem
1072 1392 1187 1468 modo
1213 1392 1330 1496 sopita
1351 1408 1417 1466 est.
1445 1390 1540 1467 Cum
1561 1389 1714 1467 ecclesia

301 1524 416 1600 sancti
433 1525 574 1602 Bertini
591 1525 770 1631 paludem
782 1524 835 1622 de¹
850 1522 1146 1609 Ondemonstre,
1163 1550 1183 1596 a
1200 1522 1355 1628 Kesgate
1372 1548 1490 1624 usque
1507 1520 1555 1595 ad
1570 1519 1713 1608 Elsled,

303 1671 340 1730 et
358 1654 535 1758 paludem
564 1655 610 1729 de
633 1653 776 1741 Honle,
802 1651 987 1757 sexaginta
1007 1668 1047 1727 ct
1071 1679 1116 1759 eo
1139 1650 1299 1758 amplius
1323 1649 1446 1739 annis,
1467 1649 1603 1725 liberas
1621 1666 1659 1724 et
1678 1650 1716 1722 in

302 1810 391 1886 pace
419 1783 660 1888 possedisset,
688 1782 928 1868 Willelmus,
955 1779 1317 1857 castellanus'sancti
1341 1779 1566 1867 Audomari,
1594 1779 1717 1854 cidem

304 1909 462 1986 ecclesie'
484 1910 621 1987 multas
649 1928 836 2017 etgraves
864 1907 1056 1987 molestias
1077 1936 1189 2013 super
1216 1909 1274 1984 his
1301 1910 1475 1986 intendit.
1501 1910 1716 1995 «Tandem,

304 2041 343 2114 in
375 2067 414 2115 se
443 2067 629 2126 reversus,
657 2055 808 2143 sumpto
835 2037 958 2113 altiori
986 2036 1159 2128 consilio,
1188 2038 1227 2111 in
1260 2036 1461 2143 sollempni
1490 2039 1590 2114 curia
1618 2067 1716 2127 mea,

305 2169 405 2272 apud
434 2168 611 2244 Sanctum
638 2168 919 2257 Audomarum,
949 2167 988 2241 in
1017 2166 1204 2270 presentia
1232 2166 1306 2241 mei
1332 2183 1370 2241 et
1392 2165 1593 2241 hominum
1614 2195 1719 2243 meo-

306 2327 412 2389 rum,
442 2296 488 2373 de
519 2297 655 2404 injusta
685 2296 920 2402 calumpnia,
958 2295 1094 2402 injuria
1127 2323 1193 2371 sua
1225 2294 1437 2403 recognita,
1473 2295 1578 2370 omni
1606 2297 1719 2402 jure,

304 2427 409 2532 quod
439 2455 549 2532 supra
576 2426 760 2531 predictas
789 2424 945 2529 paludes
977 2423 1211 2509 clamaverat,
1240 2425 1389 2530 propria
1418 2452 1456 2500 sc
1484 2424 1719 2500 attestatione

306 2556 475 2660 privavit,
508 2572 546 2631 et
575 2585 660 2632 cum
689 2555 979 2632 exfestucatione
1005 2554 1170 2659 verpivit.
1207 2552 1303 2646 Quo
1327 2553 1439 2643 sacto,
1471 2553 1721 2632 Godescalcus

307 2684 438 2775 abbas,
468 2712 554 2761 meo
581 2684 760 2774 consilio,
790 2684 934 2790 prelato
964 2678 1164 2761 castellano
1190 2684 1318 2792 viginti
1352 2685 1521 2792 quinque
1552 2685 1720 2761 marchas

308 2814 463 2921 largitus
486 2831 553 2890 est.
573 2814 820 2892 Postmodum
839 2836 927 2890 vero
941 2810 1106 2921 prelatus
1125 2811 1346 2891 Willelmus
1365 2813 1603 2901 castellanus,
1625 2841 1720 2921 quo—

308 2943 481 3019 rumdam
500 2944 719 3048 depravatus
742 2942 916 3034 consilio,
937 2967 1110 3051 magnam
1132 2958 1276 3048 partem
1299 2944 1501 3050 piscature,
1523 2970 1597 3050 que
1622 2945 1723 3022 Mera

310 3073 457 3159 dicitur,
479 3072 549 3151 sibi
569 3072 706 3181 injuste
727 3073 933 3178 usurpavit,
956 3073 1086 3149 dicens
1107 3100 1242 3179 aquam
1266 3073 1371 3151 illam
1394 3100 1500 3151 suam
1524 3074 1721 3179 paludem,

308 3228 440 3310 magna
461 3228 501 3278 ex
522 3220 641 3308 parte,
664 3203 877 3308 operuisse:
898 3228 968 3310 pro
987 3230 1061 3311 qua
1083 3229 1124 3279 re
1142 3203 1259 3311 gravis
1272 3203 1373 3280 inter
1392 3201 1585 3280 ecclesiam
1606 3204 1723 3281 sancti

308 3330 451 3407 Bertini
475 3348 511 3406 et
533 3331 657 3436 ipsum
680 3331 819 3408 iterum
841 3333 1090 3410 controversia
1117 3350 1197 3408 orta
1225 3349 1291 3409 est.
1319 3334 1393 3408 Hac
1421 3333 1547 3440 itaque
1573 3350 1725 3409 contro-

308 3460 424 3536 versia
447 3460 667 3567 aliquandiu
685 3461 784 3538 inter
807 3488 870 3539 eos
893 3462 1072 3549 durante,
1095 3462 1285 3567 predictus
1309 3459 1547 3547 castellanus,
1573 3477 1724 3565 sumpto
1801 3524 1804 3531 .

310 3588 458 3667 meliori
475 3592 651 3678 consilio,
673 3591 713 3666 in
733 3592 834 3667 curia
855 3618 955 3681 mea,
977 3590 1122 3698 Bergis,
1139 3589 1315 3696 injuriam
1336 3618 1449 3696 super
1464 3590 1538 3666 hoc
1557 3606 1595 3665 et
1613 3618 1727 3695 super

309 3719 486 3826 predictis
512 3719 713 3822 paludibus
743 3722 783 3795 in
812 3719 965 3825 publico
998 3737 1035 3796 et
1063 3718 1256 3796 manifeste
1286 3720 1511 3829 recognovit.
1539 3719 1724 3797 Paludem

311 3872 462 3952 quoque
483 3874 603 3939 suam,
625 3876 740 3957 quam
760 3848 863 3953 juxta
884 3849 986 3925 Mere
1007 3849 1125 3954 ripam
1147 3848 1295 3940 habuit,
1321 3877 1342 3924 a
1370 3878 1478 3926 cruce
1502 3847 1726 3927 Nienverled

310 4002 429 4078 usque
447 3975 716 4084 Hindringled,
740 3976 779 4052 id
804 3969 860 4054 est
882 3955 1229 4085 Bovinghemsuab',
1254 3978 1457 4055 habentem
1479 4007 1595 4055 unam
1618 4005 1725 4054 men·

311 4132 435 4179 suram
456 4106 494 4179 in
512 4106 768 4191 latitudinem,
795 4105 834 4180 in
855 4134 970 4182 manu
991 4136 1090 4198 mea,
1116 4107 1270 4214 quiade
1289 4108 1402 4185 leodo
1427 4135 1513 4183 mco
1535 4125 1630 4199 erat,
1652 4108 1724 4183 mi-

312 4231 371 4306 ehi
389 4232 566 4310 reddidit.
584 4233 732 4311 Deinde
748 4232 842 4311 sacta
860 4233 1164 4326 exfestucatione,
1186 4237 1317 4314 audito
1333 4235 1534 4312 hominum
1550 4265 1725 4314 meorum

307 4360 466 4467 juditio,
487 4365 590 4470 quod
606 4364 708 4440 idem
728 4363 950 4444 castellanus
966 4365 1084 4443 nichil
1103 4367 1241 4443 amodo
1256 4366 1351 4474 juris
1370 4366 1411 4442 in
1431 4365 1564 4442 eadem
1584 4366 1726 4474 palude

191 4504 195 4511 '
313 4490 486 4580 haberet,
507 4495 661 4572 ecclesie
681 4496 795 4572 saneti
816 4496 958 4573 Bertini
976 4496 1018 4573 in
1039 4495 1284 4575 elemosinam
1305 4498 1585 4604 imperpetuum
1605 4496 1724 4577 libere

313 4622 578 4724 possidendam
603 4626 778 4703 concessi.
804 4625 1040 4705 castellanus
1064 4652 1171 4718 vero,
1196 4654 1265 4733 pro
1292 4654 1381 4735 pace
1409 4631 1509 4705 inter
1532 4628 1727 4707 ecclesiam

316 4753 431 4829 sancti
451 4753 592 4832 Bertini
618 4770 656 4832 et
680 4754 803 4860 ipsum
827 4758 1094 4851 conservande,
1121 4774 1160 4835 et
1181 4759 1285 4836 omni
1311 4758 1523 4863 calumpnia
1551 4758 1729 4863 deinceps

697 4886 700 4893 '
1468 4883 1519 4950 [ιδ.
