4478 5842
590 453 716 526 PARS
751 449 924 524 PRIMA.
941 448 1260 538 -FOLQUINI
1287 452 1377 524 LIB.
1406 456 1432 524 Ι.
1675 458 1724 528 25

301 597 425 673 Mariae
445 612 699 673 construxerat
718 591 758 669 in
778 592 903 670 Sithiu
920 590 1023 682 villa,
1044 592 1093 668 ad
1111 610 1268 698 corpora
1288 591 1445 668 fratrum
1470 594 1723 686 tumulanda¹,

300 744 341 803 ut
353 726 432 832 ipsa
451 722 602 804 basilica
618 725 688 803 sub
702 723 924 802 umbraculo
940 723 1138 829 patrocinii
1153 724 1313 831 predicti
1330 724 1476 803 abbatis
1488 726 1642 815 Bertini,
1660 752 1726 802 seu

300 884 556 934 successorum
573 860 664 966 ejus,
676 886 745 965 per
754 855 993 934 succedentia
1008 874 1181 962 tempora
1194 885 1314 963 usque
1327 856 1368 933 iu
1379 858 1496 934 finem
1509 874 1670 966 regatur,
1684 876 1728 933 ut

301 986 417 1093 ipsius
438 989 622 1098 privilegii
639 1006 797 1066 testatur
815 987 931 1080 karta,
954 1017 1067 1093 quam
1084 989 1196 1064 etiarn
1212 989 1275 1065 hic
1289 988 1494 1066 inscribere
1520 988 1727 1065 curavimus

300 1118 354 1193 uti
370 1136 462 1196 tunc
472 1118 655 1225 temporis
668 1118 801 1195 factam
818 1119 1037 1224 accepimus.

968 1336 1061 1410 Vll.

772 1481 923 1521 exuntnlnn
946 1479 1071 1521 mosum(
1094 1479 1261 1521 vamrun.

359 1643 546 1720 «Domnis
560 1641 695 1718 sanctis
710 1669 752 1717 ac
759 1638 1035 1717 venerabilibus
1047 1640 1086 1715 in
1097 1626 1250 1717 Christo
1264 1639 1359 1717 mihi
1374 1640 1645 1720 adherentibus
1658 1646 1729 1722 fra-

300 1771 436 1862 tribus,
456 1791 532 1850 tam
556 1771 754 1850 abbatibus
775 1801 889 1878 quam
914 1782 952 1847 et
966 1770 1183 1877 presbiteris
1202 1771 1260 1849 vel
1286 1772 1528 1866 diaconibus,
1548 1775 1605 1852 vel
1624 1781 1728 1855 omni

301 1902 401 1980 clero
413 1905 693 1980 Taruennensis
711 1902 865 1980 ecclesie
885 1931 952 1980 seu
968 1901 1057 1980 viris
1076 1902 1304 1995 illustribus,
1327 1906 1534 2011 optimatis,
1557 1908 1729 1985 sublimis

300 2036 472 2141 personis
495 2035 553 2112 vel
575 2034 731 2142 reliquis
752 2033 1057 2140 quampluribus,
1080 2035 1332 2127 Audomarus,
1355 2036 1495 2147 Christi
1509 2039 1641 2146 gratia,
1659 2042 1731 2115 Ta-

300 2167 524 2244 ruennensis
549 2166 712 2243 ecclcsiae
739 2166 947 2273 episcopus.
971 2167 1074 2242 Licet
1098 2194 1167 2243 nos
1188 2168 1348 2271 antiquae
1369 2167 1508 2273 regulae
1529 2171 1730 2246 constituta

300 2296 439 2374 salubri
460 2296 718 2374 observatione
738 2296 928 2374 custodire
942 2297 1155 2386 conveniat,
1170 2314 1315 2386 tamen,
1331 2296 1454 2371 divina
1473 2295 1641 2404 largitate
1659 2301 1730 2375 ins-

300 2428 467 2534 pirante,
493 2427 578 2504 utili
605 2426 818 2533 provisione
842 2443 1113 2533 pertractante,
1141 2427 1404 2503 constituimus
1429 2443 1472 2503 ut
1490 2421 1595 2533 quod
1618 2431 1731 2507 sacris

302 2558 640 2636 deliberationibus
665 2586 744 2635 non
770 2559 940 2664 derogat,
972 2557 1160 2663 intrepida
1186 2557 1444 2641 observatione
1477 2577 1729 2637 conservetur.

301 2690 408 2783 Quia·
419 2689 559 2795 placuit
575 2689 696 2779 nobis,
706 2690 811 2794 juxta
826 2686 1066 2763 fraternalem
1085 2712 1311 2762 consensum
1328 2683 1371 2762 et'
1378 2688 1564 2765 visceralis
1584 2689 1731 2794 pietatis

302 2819 472 2906 affectus,
501 2820 550 2893 ita
573 2846 637 2894 cor
658 2833 830 2893 nostrum
854 2817 1079 2892 intrinsecus
1099 2815 1275 2907 mollivit,
1296 2833 1339 2892 ut
1365 2815 1517 2893 basilica
1542 2819 1581 2892 in
1609 2819 1731 2897 insula

302 2948 445 3036 Sithiu,
473 2945 539 3022 ubi
564 2947 734 3023 inantea
760 2946 1035 3023 monasterium
1062 2945 1101 3020 in
1120 2946 1190 3023 Dei
1219 2946 1374 3023 nomine
1402 2943 1626 3025 aedificatum
1652 2978 1731 3026 esse

300 3078 459 3168 videtur,
475 3077 543 3155 ubi
563 3076 784 3185 regulariter
797 3078 962 3155 viventes
981 3077 1137 3153 aderant
1156 3078 1332 3154 monachi
1346 3076 1416 3154 sub
1432 3077 1604 3157 libertate
1625 3109 1733 3157 cons·

301 3210 419 3297 tituti,
443 3208 588 3285 ibidem
610 3209 753 3315 pariter
770 3237 856 3285 cum
879 3210 969 3316 ipsis
988 3209 1201 3302 monachis,
1225 3238 1295 3315 pro
1317 3238 1448 3287 eorum
1475 3211 1732 3290 consolatione

301 3341 358 3418 vel
375 3339 582 3445 adjutorio,
600 3339 813 3431 basilicam,
831 3342 1023 3418 communi
1041 3369 1172 3447 opere,
1191 3342 1238 3417 ad
1254 3370 1410 3446 corpora
1424 3369 1557 3418 eorum
1572 3344 1629 3419 vel
1646 3373 1732 3420 nos-

301 3491 401 3548 trum
422 3463 664 3578 quiescenda,
688 3472 950 3550 aedificavimus
970 3473 1009 3546 in
1029 3473 1216 3549 honorem
1237 3488 1370 3548 sanctae
1398 3471 1523 3547 Mariae
1543 3474 1733 3580 genitricis

301 3602 455 3681 Domini
470 3604 588 3681 nostri
602 3603 719 3709 lhesu
732 3602 890 3692 Christi3
905 3602 999 3678 utin
1014 3602 1261 3706 suprascripta
1271 3599 1439 3691 basilica,
1449 3600 1554 3706 juxta
1563 3594 1731 3706 ipsorum

303 3732 460 3809 fratrum
479 3732 736 3839 plenissimam
754 3733 962 3822 caritatem,
985 3733 1026 3807 in
1047 3732 1128 3838 ejus
1144 3730 1281 3809 locello
1300 3729 1565 3836 corpusculum
1586 3761 1730 3823 meum,

305 3881 389 3969 post
402 3863 549 3941 obitum
559 3892 699 3955 meum,
714 3863 859 3938 ibidem
872 3863 1066 3966 depositus
1079 3862 1138 3938 vel
1152 3863 1338 3953 conditus,
1354 3862 1513 3940 deberet
1522 3862 1621 3939 inter
1634 3865 1735 3969 ipso·

304 4026 389 4071 rum
406 3993 626 4099 corpuscula
640 3994 927 4082 monachorum,
946 3993 1022 4095 qui,
1041 3991 1217 4097 religioso
1234 3993 1378 4084 habitu,
1397 3995 1444 4069 ad
1463 3997 1733 4100 omnipotentis

303 4121 1731 4230 Deiverbum,conveneruntdedissimilibusgcntibus,desqualitatemundi,

303 4256 342 4332 in
355 4254 468 4332 unius
483 4254 628 4361 gremio
642 4271 776 4331 sanctae
792 4253 971 4343 ecclesiae,
988 4280 1057 4361 pro
1073 4281 1201 4332 amoro
1217 4254 1374 4346 Christi,
1391 4244 1612 4336 'consolidati
1625 4274 1730 4349 sunt;
1798 4262 1804 4267 ’

304 4406 347 4464 ut
370 4388 415 4465 ab
435 4387 528 4493 jugo
554 4386 689 4462 mundi
709 4384 805 4462 colla
821 4402 969 4462 mentes
989 4388 1191 4479 excutiant,
1217 4388 1344 4466 omnia
1361 4387 1549 4479 deserere,
1574 4405 1731 4466 terrenae

305 4549 400 4596 curae
424 4518 594 4624 pondera
613 4519 824 4625 deponere,
846 4535 958 4625 atque
978 4518 1026 4595 ad
1052 4519 1200 4597 coeleste
1229 4519 1460 4597 desiderium
1484 4520 1594 4597 latius
1616 4522 1731 4597 animi

350 4704 356 4734 ¹
381 4703 425 4766 De
434 4704 488 4765 bac
499 4704 630 4776 ecclesia,
640 4701 707 4790 ¹quae
719 4717 818 4790 postea
829 4708 860 4766 in
869 4727 985 4767 monas·
1043 4705 1198 4789 maropolis
1228 4705 1379 4768 ecclesiam
1409 4684 1547 4768 conversa
1577 4718 1636 4771 est,
1671 4704 1728 4763 rid.

307 4811 427 4881 terium,
444 4831 476 4872 ac
494 4809 614 4873 demum
634 4810 665 4870 in
681 4809 877 4874 cathedralem
893 4807 988 4872 Audo-
1044 4808 1154 4872 nabin
1171 4807 1272 4873 dunel.
1286 4809 1369 4881 XIll,
1387 4812 1441 4893 lr9.
1459 4822 1478 4869 t.
1495 4808 1522 4876 l,
1538 4828 1603 4890 pag.
1617 4809 1687 4873 tor.
1717 4870 1723 4879 ¹
