4478 5842
563 487 1458 684 CHARTULARIUM

1323 700 1329 716 Ι

333 804 820 999 Mounsrmu
866 800 1190 993 sancum
1229 871 1685 988 raimerus

623 1225 702 1311 DE
736 1219 954 1308 MONTE
991 1215 1395 1305 ROTHOMAGI.

816 1531 1205 1565 ...ψ-ω

993 1930 1024 2003 Ι.

356 2164 397 2240 ln
411 2163 565 2240 nomine
580 2178 712 2239 sanctae
729 2177 767 2237 et
785 2157 988 2237 individuae
1003 2156 1210 2234 Trinitatis.
1225 2157 1460 2246 Rotbertus¹,
1480 2161 1604 2237 divina
1616 2164 1719 2239 ordi-

301 2313 415 2394 nante
428 2293 676 2403 providentia,
692 2293 997 2370 Normannorum
1017 2290 1093 2365 dux
1111 2305 1149 2365 et
1163 2305 1297 2366 rector.
1320 2288 1360 2366 si
1373 2288 1548 2367 fidelium
1568 2309 1715 2370 nostro-

300 2454 387 2502 rum
407 2423 655 2533 petitionibus
673 2451 743 2499 nos
757 2420 961 2529 prebemus
979 2417 1200 2509 exorabiles,
1221 2419 1379 2497 maxime
1392 2421 1432 2497 in
1448 2420 1506 2496 his
1524 2421 1563 2497 in
1579 2423 1719 2528 quibus

302 2556 465 2633 ecclesiae
484 2555 623 2632 Christi
650 2571 686 2630 et
710 2553 791 2631 loca
817 2569 1031 2629 sanctorum
1058 2549 1231 2656 indigent
1254 2551 1373 2626 nostri
1398 2551 1591 2658 regiminis
1614 2552 1721 2630 sunc-

300 2689 404 2764 tione
425 2685 567 2794 juvari,
592 2702 630 2761 et
648 2682 801 2779 illorum
829 2683 975 2786 animos
995 2681 1186 2759 innostra
1209 2678 1391 2758 fidelitate
1411 2681 1634 2774 solidamus,
1663 2702 1716 2771 et,

300 2817 406 2923 quod
421 2817 541 2924 majus
557 2832 629 2907 est,
648 2814 730 2891 Deo
749 2841 819 2890 nos
831 2811 1030 2919 gratiores,
1051 2827 1088 2886 et
1107 2810 1147 2886 in
1166 2810 1378 2919 principatu
1393 2830 1522 2890 nostro
1540 2816 1721 2921 perdura-

299 2945 396 3025 biles
418 2946 497 3023 sore
521 2944 760 3021 confidimus.
783 2943 976 3050 Quicquid
996 2941 1099 3019 enim
1123 2941 1163 3018 in
1186 2969 1278 3020 usus
1301 2943 1529 3021 necessarios
1557 2946 1721 3024 ecclesiis

300 3077 440 3154 Christi
460 3094 497 3153 et
515 3074 680 3153 cultibus
705 3074 840 3151 divinis
863 3072 1130 3180 dependimus,
1150 3071 1325 3151 videlicet
1350 3091 1415 3152 aut
1441 3074 1613 3153 donativa
1632 3106 1723 3154 con-

300 3205 473 3294 ferendo,
496 3224 561 3284 aut
586 3206 722 3285 donata
743 3204 1017 3313 principalibus
1042 3203 1174 3281 edictis
1198 3205 1475 3297 confirmando,
1503 3189 1722 3298 confirmata

300 3337 457 3415 sollicite
477 3337 659 3445 regendo,
681 3337 729 3413 ad
751 3337 960 3414 animarum
986 3364 1064 3414 non
1084 3334 1209 3412 solum
1229 3336 1459 3423 remedium,
1482 3338 1549 3414 sed
1569 3355 1607 3414 et
1624 3354 1722 3415 tem-

299 3467 438 3574 poralis
455 3469 560 3575 regni
579 3485 717 3545 statum
739 3485 776 3545 et
794 3468 922 3576 patriae
942 3465 1102 3542 salutem
1121 3463 1303 3571 prolicere
1330 3464 1530 3543 credimus.
1557 3467 1721 3552 Proinde

300 3618 436 3677 notum
461 3629 539 3678 esse
567 3601 709 3676 cunctis
735 3599 841 3705 regni
861 3596 980 3674 nostri
1007 3594 1207 3684 fidelibus,
1236 3612 1313 3672 tam
1333 3596 1580 3703 praesentibus
1606 3628 1720 3704 quarn

300 3730 454 3815 suturis,
472 3728 665 3815 volumus,
681 3725 854 3832 qualiter,
875 3725 922 3801 ad
938 3742 1153 3833 suggestum
1171 3725 1425 3832 quorumdam
1445 3723 1616 3804 fidelium
1635 3756 1722 3806 nos·

299 3875 461 3948 trorum,
480 3856 651 3936 Gozelini
667 3855 844 3933 videlicet
860 3855 1086 3964 vicecomitis
1107 3872 1145 3932 et
1158 3856 1379 3934 Emmelinae
1399 3858 1525 3934 uxoris
1549 3858 1643 3965 ejus,
1663 3859 1720 3936 lo·
1815 3947 1820 3955 ,

300 4017 385 4091 cum
404 4005 539 4064 nostrae
556 3986 784 4087 serenitatis,
801 3987 901 4064 dono
917 4014 1154 4073 concessum,
1168 3985 1272 4063 haud
1285 3987 1416 4094 procul
1432 3988 1479 4066 ab
1495 3988 1589 4065 urbe
1607 3990 1720 4066 Roto-

300 4117 398 4223 magi
411 4117 451 4192 in
470 4117 590 4193 vicino
605 4135 735 4194 monte
750 4144 863 4224 super
878 4116 1035 4194 fluvium
1053 4116 1252 4224 Sequanae,
1273 4117 1312 4194 in
1327 4146 1403 4224 quo
1419 4117 1489 4226 ipsi
1507 4147 1551 4196 ex
1567 4120 1720 4227 proprio

301 4276 415 4326 censu
442 4249 481 4324 in
510 4250 696 4326 honorem
721 4268 759 4328 et
778 4247 1059 4326 venerationem
1080 4265 1213 4326 sanctae
1235 4266 1273 4326 et
1292 4248 1494 4326 individuae
1514 4251 1718 4341 Trinitatis,

300 4407 448 4458 necnon
466 4379 637 4489 gloriosae
658 4379 858 4488 genetricis
871 4379 942 4458 Dei
963 4396 1001 4456 et
1019 4378 1172 4489 virginis
1189 4378 1315 4456 Mariae
1334 4380 1582 4488 omniumque
1604 4382 1720 4460 simul

301 4527 514 4587 sanctorum
536 4510 732 4589 ecclesiam
752 4509 972 4590 fundarunt.
994 4511 1120 4602 Hunc,
1142 4510 1355 4589 immunem
1363 4511 1461 4619 juris
1480 4513 1598 4591 nostri
1612 4513 1719 4620 judi·

299 4638 409 4714 ciaria
434 4642 625 4719 exactione
654 4642 857 4719 reddentes
884 4660 922 4720 et
947 4641 1201 4719 ecclesiasticis
1226 4640 1357 4719 usibus
1380 4642 1653 4749 mancipantes,
1680 4628 1719 4719 in

284 4915 287 4919 .
343 4822 352 4853 ¹
374 4824 517 4888 noterius
532 4828 559 4895 1.
574 4827 654 4891 attur
667 4827 784 4889 uicerat
796 4827 835 4897 11.
851 4828 912 4889 aux
922 4784 1116 4891 romain.
1130 4827 1261 4891 noenu
1275 4828 1383 4895 nicee,
1398 4849 1477 4888 anno
1496 4831 1582 4888 1035.
