4478 5842
310 468 383 544 ioli
655 469 1060 543 CHARTULARIUM
1088 467 1370 538 S-I'l'HlENSE.

304 639 371 715 per
398 638 436 686 se
457 611 635 687 citissima
660 607 811 686 curetur
832 608 889 685 vei
913 609 1116 714 resipuerit·
1138 606 1417 683 emendationis
1435 609 1656 712 penitentie,
1678 609 1726 687 sit

304 740 344 814 in
370 741 534 817 adventu
553 739 708 816 Domini
737 739 857 816 nostri
884 742 970 816 Jesu
1000 738 1142 816 Chriset
1158 737 1376 829 anathema,
1408 739 1638 816 mmanatba.
1667 738 1725 816 Si·

304 869 445 946 militer
468 886 589 946 statuo
615 885 652 945 et
672 868 874 954 confirmo,
897 867 967 944 sub
989 865 1373 943 excommunicatione
1393 868 1591 972 premisse,
1617 885 1662 944 ut
1683 867 1723 947 in

304 1001 446 1078 cunctis
456 999 658 1105 parochiis,
671 1027 761 1104 quas
773 1015 922 1075 sanctus
935 998 1109 1074 Bentinus
1121 995 1289 1102 possidet
1302 996 1630 1104 inBrodburgensi
1644 1026 1724 1076 east·

301 1129 462 1216 tellaria,
485 1128 660 1233 quitquid
673 1127 950 1214 decimationis,
974 1127 1049 1205 sive
1070 1153 1171 1201 nuno
1189 1152 1255 1201 seu
1272 1125 1536 1228 inposterum,
1557 1155 1723 1203 accreve-

301 1260 365 1347 rit,
387 1276 463 1334 tam
489 1259 526 1332 in
539 1258 644 1333 novis
658 1285 769 1362 quam
787 1256 826 1331 in
842 1257 1149 1362 antiquis-terris,
1170 1254 1362 1359 predictus
1373 1272 1523 1343 sanetus
1541 1255 1582 1330 in
1595 1282 1723 1360 perpe

300 1405 409 1464 tuum
421 1389 506 1492 jure
525 1386 692 1467 obtitr'eat
706 1386 935 1462 hereditatis
955 1386 1127 1492 ldipsum·
1150 1385 1251 1461 enim
1273 1385 1313 1460 in
1332 1401 1446 1472 carta,
1464 1413 1577 1490 qnam
1596 1411 1722 1462 comes
1830 1454 1834 1459 ,

299 1516 507 1592 Belduinus
520 1497 647 1591 sancto
671 1515 824 1590 Bertino
845 1515 1044 1600 concessit,
1066 1514 1313 1590 anathematis
1329 1513 1574 1590 innodatione
1595 1541 1722 1592 corno-

299 1647 440 1732 horavi,
459 1644 692 1748 ipso-comite
707 1660 859 1746 petente
875 1660 912 1718 et
928 1644 975 1718 de
992 1641 1281 1749 duabusgarbis
1299 1642 1445 1719 donum
1463 1642 1623 1721 faciente
1635 1676 1652 1731 ς,
1663 1642 1721 1720 im

299 1804 413 1879 super
428 1774 540 1850 ctiam
557 1775 610 1849 de·
624 1762 833 1880 hmquariis
856 1791 896 1849 et·
911 1772 1082 1850 vaccariis
1099 1772 1255 1877 plenam·
1271 1773 1456 1849 decimam
1474 1774 1716 1850 eoncedente.

297 1905 433 1981 Actum
455 1907 526 1980 hoc
540 1894 653 1983 Verbi
665 1904 845 1979 incarnati
859 1903 1062 1980 milissimo
1085 1903 1360 2009 septuagesimo
1379 1903 1647 2007 quinto-anno,
1668 1903 1721 1978 iar·

298 2036 464 2112 dictione
482 2035 596 2111 tercia
617 2035 780 2118 deonna,
802 2051 980 2140 regnante
999 2033 1173 2138 Philippo
1199 2035 1432 2111 Francorum
1452 2062 1554 2141 rege,
1578 2033 1720 2139 episce-

296 2165 349 2270 pii
365 2166 440 2240 mei
456 2193 554 2240 anno
578 2164 862 2270 quadragesimo
883 2181 998 2257 serto,
1026 2164 1066 2239 in
1088 2163 1240 2241 ecclesia
1270 2179 1396 2239 sancte
1421 2164 1492 2239 Dei
1520 2163 1718 2269 genetricis

298 2295 433 2382 Maris,
461 2323 585 2371 coram
607 2292 805 2371 universali
827 2294 978 2382 sinodo,
1002 2294 1267 2370 decimosexto
1287 2292 1465 2368 kalendas
1481 2290 1714 2375 novembris,

297 2425 503 2502 astantibus
527 2426 638 2501 bonis
657 2441 697 2500 et
714 2424 873 2529 ydoneis
891 2424 1110 2500 testimonio
1128 2424 1226 2501 viris.
1253 2423 1414 2499 Nomina:
1424 2422 1577 2501 testium
1593 2454 1602 2499 t

444 2589 589 2670 «Signum
597 2588 761 2656 Dnoeosrs,
773 2591 914 2670 episcopi,
926 2591 978 2672 qui
989 2589 1064 2650 hanc
1073 2588 1234 2650 traditionis
1244 2587 1426 2647 cartam-{ieri
1436 2588 1563 2671 jussit’et
1573 2584 1715 2646 recenseri

483 2691 558 2750 fecit.
580 2690 703 2771 Signum
727 2691 859 2772 Annum
882 2704 910 2752 et
937 2693 1112 2761 Huumnnr,
1136 2691 1414 2752 arehidiacenorum.
1445 2687 1569 2770 Signum
1597 2687 1716 2748 Essu-

483 2813 562 2858 osm,
574 2793 686 2853 abbatis
700 2795 792 2855 sancti
808 2795 955 2855 Winnooi.
973 2795 1097 2876 Signum
1114 2795 1274 2882 Bsnuurm,
1286 2793 1424 2876 prepositi
1437 2792 1529 2854 sancti
1546 2787 1712 2851 Andomari.

484 2892 608 2972 Signum
626 2892 901 2959 Gsaosu1,decani.
918 2895 1042 2977 Signum
1063 2896 1267 2961 Gmrmssnnr,
1285 2896 1442 2956 cantoris.»

963 3140 1050 3210 XX„

319 3335 650 3379 lNClRl‘er'lRHATlO
672 3336 843 3379 DONATIONIS
863 3337 1013 3385 vrnnsnurt
1036 3338 1163 3384 aternu,
1187 3337 1292 3384 COBKA.
1316 3339 1469 3385 ΚΜΜΟΝΤ,
1494 3341 1527 3379 ΕΤ
1554 3341 1696 3383 nsnntws

516 3437 636 3479 COLONIE
659 3440 696 3480 ΔΙ)
717 3439 824 3488 ἭΝΠΜ,
849 3441 884 3479 ΑΒ
907 3439 1004 3480 80081
1028 3439 1193 3480 ΗΕΒῙΒΕΜὉ
1214 3440 1326 3480 annm
1347 3439 1491 3482 CONCFSSE.

353 3589 421 3664 «ln
439 3589 593 3666 nomine
610 3606 733 3666 sancte
750 3606 788 3665 ot
802 3589 995 3666 individue
1015 3589 1219 3666 Trinitatis.
1236 3589 1467 3677 Heribertus,
1483 3591 1604 3694 grstia·
1615 3593 1713 3698 ejus·

299 3719 384 3793 dem
406 3719 531 3794 divine
551 3719 854 3825 dispensationis,
876 3719 990 3796 abitas
1010 3719 1399 3808 cenobiiSithicnsis,
1417 3721 1659 3823 presentibus
1674 3739 1712 3798 et

295 3847 447 3935 suturis,
470 3849 543 3924 hoc
568 3850 607 3924 in
631 3849 727 3926 loco·
741 3848 945 3954 ctubique
970 3845 1149 3925 fidelibus
1168 3848 1365 3939 universis,
1396 3866 1482 3953 post
1505 3851 1714 3927 terminum

294 3978 366 4053 vite
378 3978 562 4083 presentis
574 3977 845 4069 inevitabilem,
858 3978 1006 4055 celestis
1020 3976 1139 4084 glorie
1155 3978 1441 4055 beatitudinem.
1453 3979 1549 4056 Cum
1566 3997 1711 4056 constet

294 4108 506 4213 unicuique·
524 4108 658 4185 mortis
681 4109 931 4186 incerta·.dies·
955 4124 998 4184 et·
1012 4107 1121 4198 hora,
1145 4124 1188 4184 et¹
1205 4109 1327 4185 homo·
1343 4108 1445 4186 brevi
1468 4109 1591 4185 vivens
1612 4126 1710 4185 tens

294 4265 384 4339 pore
402 4239 507 4342 quasi
527 4238 605 4314 flos
617 4255 840 4324 conteratur,
859 4256 897 4314 et
918 4238 1034 4344 fngiat
1049 4237 1163 4314 velud
1183 4238 1333 4328 umbra,
1359 4238 1554 4314 vitandum
1570 4256 1647 4329 ess,
1671 4256 1709 4316 et

294 4367 882 4469 summopereelaborandnmut·
899 4369 966 4443 fiat
983 4368 1088 4474 quod
1106 4367 1259 4443 bonum·
1272 4384 1344 4456 est,
1366 4367 1614 4472 quamdinirs.
1625 4396 1709 4472 pre-

294 4493 762 4601 sentiperegrinaturnita,
778 4516 836 4589 ut,
852 4515 1068 4576 transeunte
1080 4496 1225 4573 mundo
1242 4496 1707 4603 eeconmpisoontiaepur,

293 4621 600 4701 luerentnr‘bona
610 4624 735 4704 future
743 4628 835 4716 vite,
853 4630 1054 4735 cujusnon
1064 4626 1332 4703 estterminus.
1349 4626 1534 4718 Quonim
1549 4655 1619 4734 ego
1630 4627 1707 4704 He*

293 4751 471 4840 ribertus,
486 4753 556 4830 Dei
569 4756 700 4860 gratia,
713 4756 841 4847 abbas,
856 4774 941 4861 post
950 4757 1098 4833 obitum
1115 4783 1243 4831 meum
1257 4755 1385 4832 volens
1397 4784 1477 4836 esse
1489 4756 1704 4835 consultum
