4478 5842
305 500 378 570 572
612 534 621 555 ·
649 494 1057 568 CHARTULARIUM
1092 491 1383 566 SlTlllENSE.

303 635 477 727 Bertino,
491 633 662 740 exemplo
677 636 856 713 excitatus
870 636 1060 742 priorum,
1077 634 1234 712 devotus
1249 632 1385 711 offerre
1399 649 1437 709 et
1446 631 1635 712 fratribus.
1651 637 1725 714 Nec

304 785 411 872 putet
437 765 557 843 lector
579 767 820 872 scriptorem,
848 766 968 845 immo
992 766 1119 872 potius
1139 783 1496 870 transsumptorem‚
1521 765 1723 873 quicquam

304 900 389 975 novi
410 898 629 975 auctoritate
649 896 810 975 sensuali
836 897 1044 988 addidisse,
1073 896 1167 1002 quin
1187 913 1336 1004 patrum
1356 923 1512 973 suorum
1531 888 1721 990 Folcnini,

305 1027 470 1104 Simonis
486 1043 524 1103 et
537 1014 719 1104 lobannis
733 1027 870 1134 Longi,
886 1025 1075 1116 abbatum,
1092 1027 1248 1104 traxerit
1259 1055 1301 1103 ex
1318 1027 1507 1132 pharetra,
1524 1045 1589 1104 aut
1603 1057 1646 1106 ex
1661 1027 1724 1106 lit·

304 1158 394 1234 teris
410 1157 607 1233 autenticis
622 1155 680 1234 vel
701 1156 813 1233 oculo
827 1174 938 1235 tenus
953 1156 1170 1264 inspexerit,
1187 1174 1245 1247 ut,
1263 1157 1314 1232 ita
1328 1156 1585 1262 multiplicatis
1599 1156 1721 1250 libris,

305 1287 512 1392 ignorantia
528 1287 660 1392 procul
677 1287 840 1392 pellatur
852 1287 1007 1365 ecclesie
1022 1286 1130 1393 juris.
1152 1287 1347 1365 lnterdum
1370 1286 1509 1364 etenim
1529 1287 1649 1364 visum
1668 1306 1725 1366 est

305 1444 346 1491 ex
367 1416 624 1493 voluminibus
650 1416 838 1494 similibus
861 1415 1044 1494 nonnulla
1068 1415 1281 1524 agliribus,
1310 1403 1511 1508 soricibus,
1531 1415 1724 1524 murilegis

306 1562 343 1622 et
362 1546 403 1622 id
417 1574 536 1653 genus
553 1544 796 1635 animalibus,
814 1545 872 1622 vel
888 1544 1094 1622 abscisione
1109 1545 1306 1636 soliorum,
1325 1547 1458 1637 dividi,
1475 1548 1643 1634 corrodi,
1660 1576 1725 1625 an-

304 1675 444 1764 nulari,
468 1673 659 1751 stillicidio
677 1671 888 1779 putrefieri,
905 1674 991 1782 igne
1011 1672 1167 1751 fortuito
1192 1676 1349 1751 cremari
1359 1689 1375 1762 ς’
1385 1676 1506 1781 quod,
1527 1693 1569 1753 ut
1582 1706 1723 1777 remur,

303 1832 380 1880 non
403 1804 469 1880 fiet
491 1804 538 1880 de
559 1804 742 1910 presenti,
764 1805 795 1880 si
818 1804 858 1881 in
883 1803 1058 1882 manibus
1082 1804 1259 1881 inciderit
1279 1804 1515 1882 ecclesiastici
1538 1806 1723 1884 zelatoris.

302 1935 465 2011 Demum
492 1934 539 2009 dc
566 1933 713 2010 omissis
734 1934 880 2010 veniam
900 1933 1172 2040 postulaturus,
1201 1935 1232 2010 si
1261 1934 1353 2040 quid
1382 1934 1584 2040 reperibile
1614 1936 1725 2012 ineo

304 2066 351 2142 sit
366 2065 504 2154 laudis,
527 2064 575 2138 ad
595 2062 748 2139 laudem
768 2063 865 2168 petit
880 2080 1045 2140 transeat
1065 2062 1296 2140 Conditoris.
1316 2063 1471 2140 Amen&

347 2339 354 2369 ¹
377 2341 539 2401 Comitatus
558 2341 693 2402 l'landrie
709 2342 832 2424 erigitur
848 2362 928 2401 anno
945 2340 1063 2402 Domini
1079 2347 1147 2402 vu?
1159 2348 1238 2402 nxn’.

344 2440 513 2503 arthasium
528 2444 651 2524 erigitur
662 2463 740 2504 anno
754 2449 788 2503 u·
808 2449 835 2502 c·
851 2449 921 2504 rut¹¹
935 2463 995 2504 xix.

344 2542 515 2605 Castellania
533 2544 631 2605 Sancti
651 2544 811 2605 Andomari
830 2544 999 2605 membrum
1019 2545 1074 2605 fuit
1094 2544 1238 2605 Flandrie.

345 2646 482 2707 Mutuum
498 2646 606 2707 factum
620 2667 655 2707 ex
672 2666 707 2706 ea
724 2647 825 2707 comiti
839 2644 969 2708 Gnidoni
989 2647 1141 2716 Flandrie,
1157 2667 1235 2707 anno
1252 2653 1286 2706 ιι·
1305 2651 1338 2706 n'
1354 2652 1424 2706 tutu
1442 2667 1482 2706 vr.

344 2747 511 2809 Balliniatus
526 2748 626 2810 Sancti
639 2747 800 2810 Audomari
813 2751 898 2810 annis
910 2761 1029 2811 centum
1049 2773 1067 2810 1.
1084 2772 1119 2812 eo
1137 2751 1262 2832 amplius
1282 2761 1394 2813 eiectus
1410 2762 1453 2809 est
1471 2761 1535 2830 post
1549 2751 1725 2810 erectionem

302 2851 457 2910 comitatus
474 2850 607 2911 Artltesii.
628 2851 662 2911 ln
679 2872 763 2934 morq.
783 2850 846 2912 Cod.
