4478 5842
531 476 597 550 1811
794 568 799 579 κ
874 477 1281 550 CHARTULARIUM
1312 477 1593 548 SlTHlENSE.

521 648 716 723 procerum
752 619 920 694 decernit
947 604 1101 724 juditio.
1124 618 1240 710 Quod
1267 616 1461 692 decretum
1491 644 1539 690 ne
1567 614 1787 724 infringeret
1815 615 1940 720 aliqua

522 751 719 829 bominum
736 750 886 842 oblivio,
902 780 965 827 sua
984 750 1238 828 corroboravit
1246 749 1455 825 litterarum
1472 748 1654 852 apicibus,
1668 762 1713 825 ut
1727 749 1939 855 subjectum

520 898 593 968 est,
611 880 840 984 astipulatio.

1174 1130 1284 1204 XIV.

516 1343 708 1384 eervicearuu
723 1342 858 1383 uacuum}
876 1342 1009 1383 msumur
1026 1343 1062 1381 oe
1079 1340 1239 1380 craumers
1259 1340 1359 1389 earm,
1374 1341 1412 1380 ne
1427 1339 1669 1382 suauissimus
1688 1340 1722 1380 nr
1737 1340 1939 1382 srnvruurmus

763 1443 882 1484 sesama
905 1445 940 1483 er
956 1440 1178 1490 uouecuouuu.
1201 1442 1239 1481 ne
1260 1441 1458 1484 nscruanoue
1479 1442 1516 1482 nn
1539 1421 1705 1484 enonono¹.

303 1665 380 1734 ajin.
399 1669 475 1719 1056.
573 1642 640 1716 uln
661 1640 815 1715 nomine
840 1638 957 1714 Patris
973 1656 1011 1713 et
1029 1637 1114 1713 Filii
1137 1655 1176 1714 et
1193 1637 1356 1742 Spiritus
1375 1639 1504 1715 sancti.
1525 1641 1605 1747 Ego
1619 1639 1844 1730 Balduinus,
1865 1641 1935 1718 Dei

512 1770 638 1875 gratia,
652 1768 941 1844 Flandrensium
958 1795 1098 1856 comes,
1113 1785 1294 1873 reputans
1307 1797 1457 1865 mecum
1472 1769 1594 1859 nobis,
1610 1768 1695 1875 plus
1715 1768 1796 1847 aliis
1810 1771 1850 1847 in
1864 1770 1936 1850 boc

512 1900 656 1976 mundo
673 1898 878 2003 occupatis,
901 1897 1018 2004 magis
1044 1897 1250 1972 necessaria
1271 1926 1350 1975 esse
1367 1916 1579 1975 sanctorum
1596 1899 1816 2004 patrocinia,
1839 1900 1937 2006 opti-

475 2067 478 2071 *
512 2059 616 2105 mum
641 2030 728 2105 duxi
759 2057 836 2105 non
861 2027 986 2106 solum
1015 2045 1141 2104 nostra
1167 2026 1334 2135 largitate
1366 2030 1592 2106 eorumdem
1624 2047 1838 2107 sanctorum
1864 2030 1934 2107 Dei

456 2252 462 2261 ⁹
511 2160 692 2236 exteriora
714 2159 841 2266 augeri
864 2158 983 2248 bona,
1005 2185 1135 2233 verum
1163 2158 1276 2234 etiam
1303 2160 1349 2234 ab
1371 2160 1474 2235 omni
1496 2136 1736 2264 oppressione
1759 2177 1796 2235 et
1818 2160 1936 2265 injus-

509 2290 593 2364 ticia
618 2286 875 2376 defendendo,
899 2287 1043 2394 integra
1064 2314 1282 2364 conservare
1305 2287 1351 2363 ab
1375 2288 1457 2365 aliis
1473 2287 1607 2363 collata
1626 2287 1685 2363 vel
1701 2305 1931 2378 conservata,

510 2438 546 2494 et
562 2421 599 2494 in
614 2417 750 2496 melius
764 2418 961 2495 restituere
975 2445 1205 2524 quocunque
1216 2417 1314 2494 male
1326 2418 1496 2495 instituta
1515 2417 1573 2494 vel
1593 2417 1801 2523 depravata.
1824 2417 1932 2495 Unde

509 2560 640 2626 notum
659 2549 753 2625 Facio
775 2548 952 2626 omnibus
972 2548 1210 2654 presentibus
1230 2566 1268 2624 et
1286 2547 1442 2639 suturis,
1465 2576 1526 2623 me
1547 2547 1688 2623 invilla
1708 2549 1822 2624 sancti
1843 2550 1933 2625 Ber-

506 2681 597 2763 tini,
614 2709 686 2786 que
707 2680 847 2757 dicitur
861 2679 993 2770 Arlas,
1011 2707 1138 2784 pravas
1159 2696 1197 2754 et
1210 2678 1323 2754 nimis
1339 2679 1495 2787 injustas
1509 2677 1690 2785 quasdam
1705 2678 1929 2770 exactiones,

507 2839 580 2915 que
604 2808 779 2884 violentia
800 2826 837 2884 et
862 2808 1106 2913 oppressione
1127 2808 1314 2884 malorum
1330 2808 1582 2915 quorumdam
1598 2808 1860 2884 advocatorum
1882 2809 1933 2882 vi-

507 2937 693 3012 debantur
715 2936 932 3024 surrexisse,
949 2936 1087 3012 humili
1113 2954 1151 3012 et
1170 2938 1306 3023 obnixa
1321 2937 1573 3043 postulatione
1595 2936 1738 3013 abbatis
1758 2937 1930 3023 bovonis,

506 3065 655 3169 penitus
683 3066 893 3170 extirpasse.
921 3064 1087 3156 Quidam
1109 3066 1232 3158 enim,
1262 3068 1429 3143 advocati
1455 3096 1596 3145 nomen
1622 3083 1862 3171 usurpantes,
1895 3084 1933 3143 et

507 3195 716 3285 ecclesiam,
736 3222 849 3301 quam
868 3193 965 3269 tueri
994 3209 1032 3270 et
1059 3192 1264 3272 defendere
1286 3197 1444 3273 omnino
1468 3198 1666 3287 deberent,
1692 3213 1876 3301 quamum
1891 3197 1930 3273 in

507 3326 596 3431 ipsis
611 3343 704 3415 erat,
721 3352 824 3400 versa
835 3323 929 3413 vice,
948 3323 1161 3429 opprimere
1175 3323 1359 3412 volentes,
1378 3324 1553 3401 dicebant
1566 3353 1605 3401 se
1616 3325 1655 3399 in
1670 3326 1930 3428 prenoeninata

505 3455 591 3531 villa
611 3454 741 3545 Arkas,
765 3454 883 3532 semel
903 3454 962 3531 vel
981 3453 1041 3531 bis
1064 3454 1103 3529 in
1128 3482 1240 3547 anno,
1264 3453 1403 3531 debere
1426 3455 1622 3559 hospitari,
1650 3472 1687 3531 et
1706 3483 1930 3561 quecunque
2031 3493 2035 3500 ·

505 3585 575 3661 sibi
596 3583 749 3690 suisque
764 3583 970 3661 necessaria
989 3600 1113 3660 essent
1127 3584 1174 3659 ab
1195 3583 1363 3691 ejusdem
1380 3582 1467 3661 ville
1484 3583 1704 3662 bominibus
1725 3587 1927 3691 procurari.
2042 3684 2046 3691 Ι

506 3715 662 3819 ln'super
675 3743 763 3791 vero
782 3713 957 3790 volebant
976 3713 1200 3818 petitionem
1219 3714 1430 3806 annuatim,
1448 3715 1552 3819 quasi
1569 3742 1613 3790 ex
1629 3713 1775 3804 debito,
1789 3714 1926 3805 lacere,
2020 3790 2032 3801 ,,

506 3861 544 3919 et
558 3843 683 3920 adbuc
701 3844 864 3950 quedam
884 3843 967 3933 alia,
988 3870 1062 3949 que
1079 3842 1183 3920 nulla
1205 3844 1349 3921 ratione
1368 3861 1544 3951 poterant
1563 3872 1646 3920 vera
1668 3844 1926 3948 comprobare.

506 3973 613 4049 Unde
634 3973 735 4049 inter
753 3972 949 4049 advocatos
976 3990 1015 4049 et
1038 3972 1192 4050 abbates
1212 3973 1367 4051 ecclesie
1384 3975 1510 4051 ¹sancti
1535 3975 1678 4050 Bertini
1703 4001 1830 4081 graves
1855 3974 1930 4051 dis-

506 4103 714 4191 sensiones,
746 4100 961 4207 frequentes
988 4102 1250 4188 altercationes
1274 4121 1354 4183 orte
1381 4122 1480 4182 sunt.
1503 4104 1600 4182 Cum
1627 4130 1714 4180 vero
1731 4121 1844 4209 *tante
1868 4104 1927 4179 in·

381 4335 384 4341 ¹
502 4233 601 4335 jurie
628 4232 780 4309 abbates
811 4232 1025 4309 nullatenus
1053 4231 1194 4310 vellent
1222 4233 1479 4338 adquiescere,
1509 4233 1726 4324 novissime,
1756 4250 1926 4338 tempore

508 4360 665 4461 predicti
686 4359 828 4436 abbatis
848 4359 1008 4437 Bovonis
1032 4377 1070 4436 et
1090 4359 1330 4438 Gerbodonis
1349 4361 1534 4452 advocati,
1557 4391 1602 4439 eo
1627 4389 1762 4468 usque,
1792 4362 1858 4438 hac
1876 4363 1925 4439 de

510 4515 635 4575 causa,
656 4486 872 4563 scandalum
887 4490 1082 4592 processit,
1099 4507 1156 4580 ut,
1178 4490 1271 4566 dum
1287 4491 1460 4568 homines
1474 4491 1593 4581 illius,
1611 4492 1649 4594 in
1668 4491 1869 4567 vindictam
1885 4520 1927 4569 ac

553 4684 560 4715 ¹
583 4656 679 4769 liujus
699 4684 841 4767 privilegii
862 4684 1023 4767 fragmenta
1047 4688 1202 4751 ediderunt
1224 4687 1384 4772 ldalbranq.
1407 4687 1439 4749 de
1457 4686 1583 4757 Morinis,
1608 4703 1676 4751 tom.
1698 4690 1738 4756 11,
1759 4710 1824 4773 pag.
1848 4690 1922 4774 739,

511 4800 540 4848 et
550 4788 673 4850 editores
687 4785 785 4868 Scrip't.
802 4807 854 4846 m.
870 4786 969 4848 Fruar.
982 4799 1052 4850 torn.
1067 4788 1121 4856 xl,
1144 4809 1210 4870 pag.
1229 4790 1300 4852 ³80.
