<?xml version="1.0" encoding="UTF-8"?>
<!DOCTYPE html PUBLIC "-//W3C//DTD XHTML 1.0 Transitional//EN"
    "http://www.w3.org/TR/xhtml1/DTD/xhtml1-transitional.dtd">
<html xmlns="http://www.w3.org/1999/xhtml" xml:lang="en" lang="en">
 <head>
  <title>
</title>
<meta http-equiv="Content-Type" content="text/html;charset=utf-8" />
  <meta name='ocr-system' content='tesseract 3.04.00' />
  <meta name='ocr-capabilities' content='ocr_page ocr_carea ocr_par ocr_line ocrx_word'/>
</head>
<body>
  <div class='ocr_page' id='page_1' title='image "./cartulairedelab00frangoog_0382.png"; bbox 0 0 4478 5842; ppageno 0'>
   <div class='ocr_carea' id='block_1_1' title="bbox 533 467 1683 544">
    <p class='ocr_par' dir='ltr' id='par_1_1' title="bbox 533 467 1683 544">
     <span class='ocr_line' id='line_1_1' title="bbox 533 467 1683 544; baseline -0.004 0"><span class='ocrx_word' id='word_1_1' title='bbox 533 470 660 544; x_wconf 85' lang='lat' dir='ltr'>PARS</span> <span class='ocrx_word' id='word_1_2' title='bbox 686 469 931 542; x_wconf 85' lang='lat' dir='ltr'><strong>SECUNDA.</strong></span> <span class='ocrx_word' id='word_1_3' title='bbox 951 508 1000 523; x_wconf 92' lang='lat'>-</span> <span class='ocrx_word' id='word_1_4' title='bbox 1019 467 1229 541; x_wconf 87' lang='lat' dir='ltr'>SIMONIS</span> <span class='ocrx_word' id='word_1_5' title='bbox 1254 469 1347 539; x_wconf 78' lang='lat' dir='ltr'>Ltss.</span> <span class='ocrx_word' id='word_1_6' title='bbox 1376 470 1422 539; x_wconf 94' lang='lat' dir='ltr'>ll.</span> <span class='ocrx_word' id='word_1_7' title='bbox 1612 472 1683 541; x_wconf 81' lang='lat'>271</span> 
     </span>
    </p>
   </div>
   <div class='ocr_carea' id='block_1_2' title="bbox 195 606 1695 1240">
    <p class='ocr_par' dir='ltr' id='par_1_2' title="bbox 195 606 1695 1240">
     <span class='ocr_line' id='line_1_2' title="bbox 269 606 1692 718; baseline -0.002 -30"><span class='ocrx_word' id='word_1_8' title='bbox 269 611 557 718; x_wconf 83' lang='lat' dir='ltr'>pertimuerant,</span> <span class='ocrx_word' id='word_1_9' title='bbox 578 627 622 703; x_wconf 79' lang='lat' dir='ltr'>ut</span> <span class='ocrx_word' id='word_1_10' title='bbox 644 638 712 716; x_wconf 89' lang='lat' dir='ltr'>per</span> <span class='ocrx_word' id='word_1_11' title='bbox 732 610 893 686; x_wconf 88' lang='lat' dir='ltr'>diversas</span> <span class='ocrx_word' id='word_1_12' title='bbox 917 625 955 685; x_wconf 86' lang='lat' dir='ltr'>et</span> <span class='ocrx_word' id='word_1_13' title='bbox 979 625 1126 685; x_wconf 85' lang='lat' dir='ltr'>exteras</span> <span class='ocrx_word' id='word_1_14' title='bbox 1143 607 1315 716; x_wconf 82' lang='lat' dir='ltr'>regiones</span> <span class='ocrx_word' id='word_1_15' title='bbox 1334 606 1419 716; x_wconf 81' lang='lat' dir='ltr'>luga</span> <span class='ocrx_word' id='word_1_16' title='bbox 1439 607 1530 713; x_wconf 86' lang='lat' dir='ltr'>lapsi</span> <span class='ocrx_word' id='word_1_17' title='bbox 1551 607 1692 714; x_wconf 90' lang='lat' dir='ltr'>disper-</span> 
     </span>
     <span class='ocr_line' id='line_1_3' title="bbox 195 737 1690 863; baseline -0.003 -44"><span class='ocrx_word' id='word_1_18' title='bbox 195 787 200 793; x_wconf 94' lang='lat'>·</span> <span class='ocrx_word' id='word_1_19' title='bbox 268 757 464 849; x_wconf 65' lang='lat' dir='ltr'>gerentum</span> <span class='ocrx_word' id='word_1_20' title='bbox 486 740 661 863; x_wconf 80' lang='lat' dir='ltr'>nonnulli</span> <span class='ocrx_word' id='word_1_21' title='bbox 682 740 816 830; x_wconf 88' lang='lat' dir='ltr'>eciam,</span> <span class='ocrx_word' id='word_1_22' title='bbox 833 741 929 846; x_wconf 91' lang='lat' dir='ltr'>proh</span> <span class='ocrx_word' id='word_1_23' title='bbox 954 738 1080 817; x_wconf 87' lang='lat' dir='ltr'>dolorl</span> <span class='ocrx_word' id='word_1_24' title='bbox 1102 738 1242 845; x_wconf 88' lang='lat' dir='ltr'>absque</span> <span class='ocrx_word' id='word_1_25' title='bbox 1262 737 1394 814; x_wconf 88' lang='lat' dir='ltr'>habitu</span> <span class='ocrx_word' id='word_1_26' title='bbox 1409 737 1593 815; x_wconf 89' lang='lat' dir='ltr'>monacali</span> <span class='ocrx_word' id='word_1_27' title='bbox 1608 766 1690 815; x_wconf 91' lang='lat' dir='ltr'>mo-</span> 
     </span>
     <span class='ocr_line' id='line_1_4' title="bbox 270 868 1694 980; baseline -0.003 -30"><span class='ocrx_word' id='word_1_28' title='bbox 270 889 454 952; x_wconf 88' lang='lat' dir='ltr'>rerentur.</span> <span class='ocrx_word' id='word_1_29' title='bbox 484 872 598 966; x_wconf 90' lang='lat' dir='ltr'>Quod</span> <span class='ocrx_word' id='word_1_30' title='bbox 621 899 684 948; x_wconf 90' lang='lat' dir='ltr'>me</span> <span class='ocrx_word' id='word_1_31' title='bbox 701 871 867 980; x_wconf 82' lang='lat' dir='ltr'>tetigisse</span> <span class='ocrx_word' id='word_1_32' title='bbox 895 869 994 947; x_wconf 92' lang='lat' dir='ltr'>nulli</span> <span class='ocrx_word' id='word_1_33' title='bbox 1010 869 1222 977; x_wconf 81' lang='lat' dir='ltr'>displiceat;</span> <span class='ocrx_word' id='word_1_34' title='bbox 1243 868 1310 946; x_wconf 88' lang='lat' dir='ltr'>sed</span> <span class='ocrx_word' id='word_1_35' title='bbox 1335 869 1453 946; x_wconf 90' lang='lat' dir='ltr'>sciant</span> <span class='ocrx_word' id='word_1_36' title='bbox 1475 869 1633 973; x_wconf 83' lang='lat' dir='ltr'>posteri,</span> <span class='ocrx_word' id='word_1_37' title='bbox 1655 885 1694 945; x_wconf 88' lang='lat' dir='ltr'>et</span> 
     </span>
     <span class='ocr_line' id='line_1_5' title="bbox 270 1002 1695 1113; baseline -0.004 -30"><span class='ocrx_word' id='word_1_38' title='bbox 270 1023 421 1084; x_wconf 86' lang='lat' dir='ltr'>caveant</span> <span class='ocrx_word' id='word_1_39' title='bbox 442 1035 555 1113; x_wconf 88' lang='lat' dir='ltr'>quam</span> <span class='ocrx_word' id='word_1_40' title='bbox 570 1004 798 1083; x_wconf 87' lang='lat' dir='ltr'>multimoda</span> <span class='ocrx_word' id='word_1_41' title='bbox 818 1003 985 1109; x_wconf 88' lang='lat' dir='ltr'>pericula</span> <span class='ocrx_word' id='word_1_42' title='bbox 1006 1005 1232 1094; x_wconf 89' lang='lat' dir='ltr'>animarum,</span> <span class='ocrx_word' id='word_1_43' title='bbox 1257 1019 1425 1108; x_wconf 87' lang='lat' dir='ltr'>quotque</span> <span class='ocrx_word' id='word_1_44' title='bbox 1442 1002 1695 1080; x_wconf 80' lang='lat' dir='ltr'>desolationes</span> 
     </span>
     <span class='ocr_line' id='line_1_6' title="bbox 272 1131 1379 1240; baseline -0.006 -27"><span class='ocrx_word' id='word_1_45' title='bbox 272 1136 513 1214; x_wconf 88' lang='lat' dir='ltr'>ecclesiarum</span> <span class='ocrx_word' id='word_1_46' title='bbox 527 1137 659 1215; x_wconf 87' lang='lat' dir='ltr'>scisma</span> <span class='ocrx_word' id='word_1_47' title='bbox 679 1136 796 1240; x_wconf 86' lang='lat' dir='ltr'>pariat</span> <span class='ocrx_word' id='word_1_48' title='bbox 813 1135 913 1212; x_wconf 91' lang='lat' dir='ltr'>inter</span> <span class='ocrx_word' id='word_1_49' title='bbox 934 1161 1111 1212; x_wconf 87' lang='lat' dir='ltr'>monacos</span> <span class='ocrx_word' id='word_1_50' title='bbox 1131 1151 1168 1210; x_wconf 92' lang='lat' dir='ltr'>et</span> <span class='ocrx_word' id='word_1_51' title='bbox 1183 1131 1379 1209; x_wconf 83' lang='lat' dir='ltr'>discordia.</span> 
     </span>
    </p>
   </div>
   <div class='ocr_carea' id='block_1_3' title="bbox 912 1416 1059 1490">
    <p class='ocr_par' dir='ltr' id='par_1_3' title="bbox 912 1416 1059 1490">
     <span class='ocr_line' id='line_1_7' title="bbox 912 1416 1059 1490; baseline -0.014 0"><span class='ocrx_word' id='word_1_52' title='bbox 912 1416 1059 1490; x_wconf 85' lang='lat' dir='ltr'><strong>LXVI.</strong></span> 
     </span>
    </p>
   </div>
   <div class='ocr_carea' id='block_1_4' title="bbox 271 1613 1702 2862">
    <p class='ocr_par' dir='ltr' id='par_1_4' title="bbox 271 1613 1702 2862">
     <span class='ocr_line' id='line_1_8' title="bbox 327 1613 1697 1719; baseline -0.004 -24"><span class='ocrx_word' id='word_1_53' title='bbox 327 1621 409 1695; x_wconf 92' lang='lat' dir='ltr'>Non</span> <span class='ocrx_word' id='word_1_54' title='bbox 428 1636 555 1695; x_wconf 90' lang='lat' dir='ltr'>tamen</span> <span class='ocrx_word' id='word_1_55' title='bbox 575 1618 679 1695; x_wconf 88' lang='lat' dir='ltr'>Deus</span> <span class='ocrx_word' id='word_1_56' title='bbox 695 1616 869 1693; x_wconf 88' lang='lat' dir='ltr'>destituit</span> <span class='ocrx_word' id='word_1_57' title='bbox 888 1615 989 1690; x_wconf 92' lang='lat' dir='ltr'>hunc</span> <span class='ocrx_word' id='word_1_58' title='bbox 1006 1613 1131 1690; x_wconf 91' lang='lat' dir='ltr'>locum</span> <span class='ocrx_word' id='word_1_59' title='bbox 1152 1613 1301 1690; x_wconf 89' lang='lat' dir='ltr'>servitio</span> <span class='ocrx_word' id='word_1_60' title='bbox 1317 1613 1444 1690; x_wconf 88' lang='lat' dir='ltr'>divino</span> <span class='ocrx_word' id='word_1_61' title='bbox 1460 1645 1467 1687; x_wconf 92' lang='lat'>:</span> <span class='ocrx_word' id='word_1_62' title='bbox 1485 1641 1590 1698; x_wconf 87' lang='lat' dir='ltr'>narn,</span> <span class='ocrx_word' id='word_1_63' title='bbox 1605 1641 1697 1719; x_wconf 91' lang='lat' dir='ltr'>qua-</span> 
     </span>
     <span class='ocr_line' id='line_1_9' title="bbox 271 1741 1696 1854; baseline -0.005 -29"><span class='ocrx_word' id='word_1_64' title='bbox 271 1775 494 1854; x_wconf 87' lang='lat' dir='ltr'>quaversum</span> <span class='ocrx_word' id='word_1_65' title='bbox 519 1744 702 1854; x_wconf 86' lang='lat' dir='ltr'>religione</span> <span class='ocrx_word' id='word_1_66' title='bbox 732 1745 917 1850; x_wconf 81' lang='lat' dir='ltr'>spirante,</span> <span class='ocrx_word' id='word_1_67' title='bbox 943 1743 1090 1819; x_wconf 91' lang='lat' dir='ltr'>monaci</span> <span class='ocrx_word' id='word_1_68' title='bbox 1123 1743 1170 1819; x_wconf 92' lang='lat' dir='ltr'>de</span> <span class='ocrx_word' id='word_1_69' title='bbox 1195 1741 1483 1849; x_wconf 84' lang='lat' dir='ltr'>indisciplinatis</span> <span class='ocrx_word' id='word_1_70' title='bbox 1513 1743 1696 1831; x_wconf 92' lang='lat' dir='ltr'>cenobiis,</span> 
     </span>
     <span class='ocr_line' id='line_1_10' title="bbox 271 1872 1697 1983; baseline -0.002 -31"><span class='ocrx_word' id='word_1_71' title='bbox 271 1877 413 1955; x_wconf 90' lang='lat' dir='ltr'>milites</span> <span class='ocrx_word' id='word_1_72' title='bbox 442 1904 508 1953; x_wconf 90' lang='lat' dir='ltr'>sua</span> <span class='ocrx_word' id='word_1_73' title='bbox 539 1874 814 1983; x_wconf 87' lang='lat' dir='ltr'>relinquentes,</span> <span class='ocrx_word' id='word_1_74' title='bbox 846 1872 990 1962; x_wconf 90' lang='lat' dir='ltr'>clerici,</span> <span class='ocrx_word' id='word_1_75' title='bbox 1025 1874 1170 1965; x_wconf 90' lang='lat' dir='ltr'>rustici,</span> <span class='ocrx_word' id='word_1_76' title='bbox 1196 1873 1304 1979; x_wconf 86' lang='lat' dir='ltr'>pueri</span> <span class='ocrx_word' id='word_1_77' title='bbox 1339 1873 1386 1948; x_wconf 91' lang='lat' dir='ltr'>ad</span> <span class='ocrx_word' id='word_1_78' title='bbox 1417 1873 1697 1950; x_wconf 89' lang='lat' dir='ltr'>conversionem</span> 
     </span>
     <span class='ocr_line' id='line_1_11' title="bbox 272 2002 1698 2094; baseline -0.002 -12"><span class='ocrx_word' id='word_1_79' title='bbox 272 2008 441 2084; x_wconf 89' lang='lat' dir='ltr'>certatim</span> <span class='ocrx_word' id='word_1_80' title='bbox 460 2022 672 2094; x_wconf 88' lang='lat' dir='ltr'>currentes,</span> <span class='ocrx_word' id='word_1_81' title='bbox 695 2005 815 2082; x_wconf 88' lang='lat' dir='ltr'>multa</span> <span class='ocrx_word' id='word_1_82' title='bbox 840 2004 994 2081; x_wconf 88' lang='lat' dir='ltr'>donaria</span> <span class='ocrx_word' id='word_1_83' title='bbox 1015 2002 1169 2081; x_wconf 88' lang='lat' dir='ltr'>ecclesie</span> <span class='ocrx_word' id='word_1_84' title='bbox 1190 2002 1441 2080; x_wconf 90' lang='lat' dir='ltr'>contulerunt.</span> <span class='ocrx_word' id='word_1_85' title='bbox 1458 2003 1583 2080; x_wconf 86' lang='lat' dir='ltr'>Crevit</span> <span class='ocrx_word' id='word_1_86' title='bbox 1597 2003 1698 2079; x_wconf 89' lang='lat' dir='ltr'>intus</span> 
     </span>
     <span class='ocr_line' id='line_1_12' title="bbox 272 2133 1696 2245; baseline -0.003 -32"><span class='ocrx_word' id='word_1_87' title='bbox 272 2136 343 2213; x_wconf 88' lang='lat' dir='ltr'>Dei</span> <span class='ocrx_word' id='word_1_88' title='bbox 359 2135 484 2213; x_wconf 89' lang='lat' dir='ltr'>cultus</span> <span class='ocrx_word' id='word_1_89' title='bbox 496 2152 533 2213; x_wconf 92' lang='lat' dir='ltr'>et</span> <span class='ocrx_word' id='word_1_90' title='bbox 544 2162 790 2212; x_wconf 87' lang='lat' dir='ltr'>monacorum</span> <span class='ocrx_word' id='word_1_91' title='bbox 813 2161 1015 2224; x_wconf 62' lang='lat' dir='ltr'>numerum</span> <span class='ocrx_word' id='word_1_92' title='bbox 1034 2133 1199 2245; x_wconf 87' lang='lat' dir='ltr'>exterius</span> <span class='ocrx_word' id='word_1_93' title='bbox 1212 2160 1301 2209; x_wconf 81' lang='lat' dir='ltr'>vero</span> <span class='ocrx_word' id='word_1_94' title='bbox 1320 2160 1447 2208; x_wconf 91' lang='lat' dir='ltr'>rerum</span> <span class='ocrx_word' id='word_1_95' title='bbox 1463 2133 1569 2236; x_wconf 92' lang='lat' dir='ltr'>copia</span> <span class='ocrx_word' id='word_1_96' title='bbox 1584 2134 1696 2223; x_wconf 88' lang='lat' dir='ltr'>adeo,</span> 
     </span>
     <span class='ocr_line' id='line_1_13' title="bbox 273 2261 1699 2373; baseline -0.001 -32"><span class='ocrx_word' id='word_1_97' title='bbox 273 2283 317 2341; x_wconf 93' lang='lat' dir='ltr'>ut</span> <span class='ocrx_word' id='word_1_98' title='bbox 338 2264 377 2341; x_wconf 91' lang='lat' dir='ltr'>in</span> <span class='ocrx_word' id='word_1_99' title='bbox 395 2264 498 2342; x_wconf 89' lang='lat' dir='ltr'>brevi</span> <span class='ocrx_word' id='word_1_100' title='bbox 515 2264 733 2354; x_wconf 80' lang='lat' dir='ltr'>coadunatis</span> <span class='ocrx_word' id='word_1_101' title='bbox 752 2264 952 2373; x_wconf 87' lang='lat' dir='ltr'>plusquam</span> <span class='ocrx_word' id='word_1_102' title='bbox 973 2280 1127 2341; x_wconf 86' lang='lat' dir='ltr'>centum</span> <span class='ocrx_word' id='word_1_103' title='bbox 1149 2263 1285 2372; x_wconf 83' lang='lat' dir='ltr'>vigenti</span> <span class='ocrx_word' id='word_1_104' title='bbox 1307 2261 1501 2348; x_wconf 82' lang='lat' dir='ltr'>fratribus,</span> <span class='ocrx_word' id='word_1_105' title='bbox 1522 2262 1699 2340; x_wconf 88' lang='lat' dir='ltr'>omnibus</span> 
     </span>
     <span class='ocr_line' id='line_1_14' title="bbox 273 2393 1702 2504; baseline -0.001 -33"><span class='ocrx_word' id='word_1_106' title='bbox 273 2396 383 2474; x_wconf 91' lang='lat' dir='ltr'>bonis</span> <span class='ocrx_word' id='word_1_107' title='bbox 406 2393 652 2473; x_wconf 89' lang='lat' dir='ltr'>abundarent.</span> <span class='ocrx_word' id='word_1_108' title='bbox 673 2396 821 2475; x_wconf 88' lang='lat' dir='ltr'>Novitas</span> <span class='ocrx_word' id='word_1_109' title='bbox 840 2395 940 2472; x_wconf 90' lang='lat' dir='ltr'>enim</span> <span class='ocrx_word' id='word_1_110' title='bbox 961 2412 998 2470; x_wconf 92' lang='lat' dir='ltr'>et</span> <span class='ocrx_word' id='word_1_111' title='bbox 1017 2394 1139 2472; x_wconf 81' lang='lat' dir='ltr'>fervor</span> <span class='ocrx_word' id='word_1_112' title='bbox 1162 2393 1359 2504; x_wconf 85' lang='lat' dir='ltr'>religionis</span> <span class='ocrx_word' id='word_1_113' title='bbox 1373 2393 1557 2499; x_wconf 78' lang='lat' dir='ltr'>plurimos</span> <span class='ocrx_word' id='word_1_114' title='bbox 1571 2393 1702 2470; x_wconf 91' lang='lat' dir='ltr'>incita-</span> 
     </span>
     <span class='ocr_line' id='line_1_15' title="bbox 274 2522 1700 2633; baseline -0.001 -32"><span class='ocrx_word' id='word_1_115' title='bbox 274 2540 391 2615; x_wconf 84' lang='lat' dir='ltr'>verat;</span> <span class='ocrx_word' id='word_1_116' title='bbox 411 2554 507 2633; x_wconf 90' lang='lat' dir='ltr'>quos</span> <span class='ocrx_word' id='word_1_117' title='bbox 526 2528 619 2603; x_wconf 91' lang='lat' dir='ltr'>dum</span> <span class='ocrx_word' id='word_1_118' title='bbox 637 2542 743 2631; x_wconf 90' lang='lat' dir='ltr'>pater</span> <span class='ocrx_word' id='word_1_119' title='bbox 757 2523 981 2601; x_wconf 87' lang='lat' dir='ltr'>Lambertus</span> <span class='ocrx_word' id='word_1_120' title='bbox 1000 2551 1078 2600; x_wconf 94' lang='lat' dir='ltr'>non</span> <span class='ocrx_word' id='word_1_121' title='bbox 1101 2523 1298 2613; x_wconf 89' lang='lat' dir='ltr'>discernit,</span> <span class='ocrx_word' id='word_1_122' title='bbox 1325 2523 1441 2633; x_wconf 86' lang='lat' dir='ltr'>dubie</span> <span class='ocrx_word' id='word_1_123' title='bbox 1461 2523 1608 2629; x_wconf 87' lang='lat' dir='ltr'>recipit,</span> <span class='ocrx_word' id='word_1_124' title='bbox 1633 2522 1700 2631; x_wconf 93' lang='lat' dir='ltr'>qui</span> 
     </span>
     <span class='ocr_line' id='line_1_16' title="bbox 275 2653 1700 2763; baseline -0.002 -31"><span class='ocrx_word' id='word_1_125' title='bbox 275 2657 308 2732; x_wconf 90' lang='lat' dir='ltr'>ei</span> <span class='ocrx_word' id='word_1_126' title='bbox 323 2657 475 2763; x_wconf 88' lang='lat' dir='ltr'>suisque</span> <span class='ocrx_word' id='word_1_127' title='bbox 492 2657 532 2732; x_wconf 92' lang='lat' dir='ltr'>in</span> <span class='ocrx_word' id='word_1_128' title='bbox 552 2655 708 2762; x_wconf 82' lang='lat' dir='ltr'>longum</span> <span class='ocrx_word' id='word_1_129' title='bbox 732 2653 1026 2742; x_wconf 88' lang='lat' dir='ltr'>successoribus,</span> <span class='ocrx_word' id='word_1_130' title='bbox 1043 2653 1189 2759; x_wconf 89' lang='lat' dir='ltr'>totique</span> <span class='ocrx_word' id='word_1_131' title='bbox 1213 2653 1369 2730; x_wconf 89' lang='lat' dir='ltr'>ecclesie</span> <span class='ocrx_word' id='word_1_132' title='bbox 1385 2670 1515 2759; x_wconf 88' lang='lat' dir='ltr'>postea</span> <span class='ocrx_word' id='word_1_133' title='bbox 1534 2653 1700 2733; x_wconf 90' lang='lat' dir='ltr'>multum</span> 
     </span>
     <span class='ocr_line' id='line_1_17' title="bbox 275 2785 516 2862; baseline -0.004 0"><span class='ocrx_word' id='word_1_134' title='bbox 275 2787 381 2862; x_wconf 92' lang='lat' dir='ltr'>oneri</span> <span class='ocrx_word' id='word_1_135' title='bbox 398 2785 516 2862; x_wconf 86' lang='lat' dir='ltr'>fuere.</span> 
     </span>
    </p>
   </div>
   <div class='ocr_carea' id='block_1_5' title="bbox 896 3000 1070 3075">
    <p class='ocr_par' dir='ltr' id='par_1_5' title="bbox 896 3000 1070 3075">
     <span class='ocr_line' id='line_1_18' title="bbox 896 3000 1070 3075; baseline 0.006 -1"><span class='ocrx_word' id='word_1_136' title='bbox 896 3000 1070 3075; x_wconf 88' lang='lat' dir='ltr'><strong>LXVII.</strong></span> 
     </span>
    </p>
   </div>
   <div class='ocr_carea' id='block_1_6' title="bbox 319 3197 1669 3345">
    <p class='ocr_par' dir='ltr' id='par_1_6' title="bbox 319 3197 1669 3345">
     <span class='ocr_line' id='line_1_19' title="bbox 319 3197 1669 3247; baseline 0 -7"><span class='ocrx_word' id='word_1_137' title='bbox 319 3202 356 3240; x_wconf 77' lang='lat' dir='ltr'>DE</span> <span class='ocrx_word' id='word_1_138' title='bbox 378 3200 512 3242; x_wconf 72' lang='lat' dir='ltr'>wilclblo</span> <span class='ocrx_word' id='word_1_139' title='bbox 533 3201 569 3241; x_wconf 79' lang='lat' dir='ltr'>AB</span> <span class='ocrx_word' id='word_1_140' title='bbox 593 3199 709 3242; x_wconf 69' lang='lat' dir='ltr'>umato</span> <span class='ocrx_word' id='word_1_141' title='bbox 729 3200 801 3242; x_wconf 72' lang='grc' dir='ltr'>ΡΑΡΔ</span> <span class='ocrx_word' id='word_1_142' title='bbox 828 3200 916 3241; x_wconf 64' lang='lat' dir='ltr'>PBH-5</span> <span class='ocrx_word' id='word_1_143' title='bbox 939 3198 1180 3241; x_wconf 65' lang='lat' dir='ltr'>annuntiemus«</span> <span class='ocrx_word' id='word_1_144' title='bbox 1201 3198 1387 3247; x_wconf 68' lang='lat' dir='ltr'>mensuare,</span> <span class='ocrx_word' id='word_1_145' title='bbox 1411 3200 1445 3238; x_wconf 77' lang='grc' dir='ltr'>ΕΤ</span> <span class='ocrx_word' id='word_1_146' title='bbox 1473 3197 1669 3240; x_wconf 70' lang='grc' dir='ltr'><strong>ΡΗΟΡΕΟΤΙΟΝΕ</strong></span> 
     </span>
     <span class='ocr_line' id='line_1_20' title="bbox 717 3301 1253 3345; baseline -0.002 -3"><span class='ocrx_word' id='word_1_147' title='bbox 717 3301 955 3344; x_wconf 71' lang='lat' dir='ltr'>cnulsrlartonun</span> <span class='ocrx_word' id='word_1_148' title='bbox 980 3302 1093 3343; x_wconf 72' lang='grc' dir='ltr'><strong>(ὋΝΤΒΑ</strong></span> <span class='ocrx_word' id='word_1_149' title='bbox 1120 3301 1253 3345; x_wconf 69' lang='lat' dir='ltr'>PAGANOS.</span> 
     </span>
    </p>
   </div>
   <div class='ocr_carea' id='block_1_7' title="bbox 275 3488 1774 4899">
    <p class='ocr_par' dir='ltr' id='par_1_7' title="bbox 275 3488 1774 4772">
     <span class='ocr_line' id='line_1_21' title="bbox 330 3488 1705 3598; baseline -0.001 -33"><span class='ocrx_word' id='word_1_150' title='bbox 330 3490 451 3598; x_wconf 90' lang='lat' dir='ltr'>Hujus</span> <span class='ocrx_word' id='word_1_151' title='bbox 466 3489 663 3598; x_wconf 88' lang='lat' dir='ltr'>regimonii</span> <span class='ocrx_word' id='word_1_152' title='bbox 685 3518 784 3567; x_wconf 89' lang='lat' dir='ltr'>anno</span> <span class='ocrx_word' id='word_1_153' title='bbox 795 3491 936 3596; x_wconf 91' lang='lat' dir='ltr'>primo,</span> <span class='ocrx_word' id='word_1_154' title='bbox 953 3507 1040 3567; x_wconf 91' lang='lat' dir='ltr'>ante</span> <span class='ocrx_word' id='word_1_155' title='bbox 1060 3488 1235 3566; x_wconf 89' lang='lat' dir='ltr'>ordinem</span> <span class='ocrx_word' id='word_1_156' title='bbox 1252 3491 1464 3596; x_wconf 89' lang='lat' dir='ltr'>inceptum,</span> <span class='ocrx_word' id='word_1_157' title='bbox 1487 3516 1586 3566; x_wconf 88' lang='lat' dir='ltr'>anno</span> <span class='ocrx_word' id='word_1_158' title='bbox 1601 3490 1705 3564; x_wconf 90' lang='lat' dir='ltr'>vide·</span> 
     </span>
     <span class='ocr_line' id='line_1_22' title="bbox 275 3617 1704 3728; baseline 0.001 -33"><span class='ocrx_word' id='word_1_159' title='bbox 275 3619 363 3696; x_wconf 92' lang='lat' dir='ltr'>licet</span> <span class='ocrx_word' id='word_1_160' title='bbox 374 3617 489 3696; x_wconf 87' lang='lat' dir='ltr'>Verbi</span> <span class='ocrx_word' id='word_1_161' title='bbox 505 3620 686 3698; x_wconf 90' lang='lat' dir='ltr'>incarnati</span> <span class='ocrx_word' id='word_1_162' title='bbox 702 3619 904 3697; x_wconf 90' lang='lat' dir='ltr'>millesimo</span> <span class='ocrx_word' id='word_1_163' title='bbox 919 3619 1167 3728; x_wconf 85' lang='lat' dir='ltr'>nonagesimo</span> <span class='ocrx_word' id='word_1_164' title='bbox 1179 3618 1330 3724; x_wconf 93' lang='lat' dir='ltr'>quinto,</span> <span class='ocrx_word' id='word_1_165' title='bbox 1347 3647 1441 3725; x_wconf 87' lang='lat' dir='ltr'>papa</span> <span class='ocrx_word' id='word_1_166' title='bbox 1456 3618 1630 3698; x_wconf 89' lang='lat' dir='ltr'>Urbanus</span> <span class='ocrx_word' id='word_1_167' title='bbox 1646 3646 1704 3696; x_wconf 90' lang='lat' dir='ltr'>se·</span> 
     </span>
     <span class='ocr_line' id='line_1_23' title="bbox 277 3746 1705 3856; baseline -0.001 -31"><span class='ocrx_word' id='word_1_168' title='bbox 277 3748 423 3826; x_wconf 86' lang='lat' dir='ltr'>cundus</span> <span class='ocrx_word' id='word_1_169' title='bbox 438 3747 587 3825; x_wconf 89' lang='lat' dir='ltr'>celebre</span> <span class='ocrx_word' id='word_1_170' title='bbox 603 3749 781 3827; x_wconf 91' lang='lat' dir='ltr'>omnibus</span> <span class='ocrx_word' id='word_1_171' title='bbox 796 3748 931 3827; x_wconf 88' lang='lat' dir='ltr'>seculis</span> <span class='ocrx_word' id='word_1_172' title='bbox 947 3746 1117 3840; x_wconf 79' lang='lat' dir='ltr'>Avernis,</span> <span class='ocrx_word' id='word_1_173' title='bbox 1136 3749 1242 3856; x_wconf 88' lang='lat' dir='ltr'>apud</span> <span class='ocrx_word' id='word_1_174' title='bbox 1254 3746 1595 3841; x_wconf 86' lang='lat' dir='ltr'>Clarummontem,</span> <span class='ocrx_word' id='word_1_175' title='bbox 1617 3776 1705 3826; x_wconf 91' lang='lat' dir='ltr'>con·</span> 
     </span>
     <span class='ocr_line' id='line_1_24' title="bbox 276 3876 1702 3987; baseline -0.001 -32"><span class='ocrx_word' id='word_1_176' title='bbox 276 3879 406 3955; x_wconf 90' lang='lat' dir='ltr'>cilium</span> <span class='ocrx_word' id='word_1_177' title='bbox 422 3879 662 3971; x_wconf 84' lang='lat' dir='ltr'>coadunavit;</span> <span class='ocrx_word' id='word_1_178' title='bbox 679 3879 719 3953; x_wconf 93' lang='lat' dir='ltr'>in</span> <span class='ocrx_word' id='word_1_179' title='bbox 738 3907 815 3984; x_wconf 93' lang='lat' dir='ltr'>quo</span> <span class='ocrx_word' id='word_1_180' title='bbox 829 3876 995 3987; x_wconf 83' lang='lat' dir='ltr'>generali</span> <span class='ocrx_word' id='word_1_181' title='bbox 1012 3877 1164 3956; x_wconf 91' lang='lat' dir='ltr'>decreto</span> <span class='ocrx_word' id='word_1_182' title='bbox 1181 3880 1291 3956; x_wconf 93' lang='lat' dir='ltr'>omni</span> <span class='ocrx_word' id='word_1_183' title='bbox 1306 3878 1429 3956; x_wconf 91' lang='lat' dir='ltr'>ordini</span> <span class='ocrx_word' id='word_1_184' title='bbox 1444 3879 1566 3971; x_wconf 88' lang='lat' dir='ltr'>etatis,</span> <span class='ocrx_word' id='word_1_185' title='bbox 1584 3880 1702 3970; x_wconf 80' lang='lat' dir='ltr'>sexui,</span> 
     </span>
     <span class='ocr_line' id='line_1_25' title="bbox 276 4007 1705 4119; baseline 0.001 -36"><span class='ocrx_word' id='word_1_186' title='bbox 276 4008 415 4115; x_wconf 90' lang='lat' dir='ltr'>quibus</span> <span class='ocrx_word' id='word_1_187' title='bbox 438 4009 543 4087; x_wconf 90' lang='lat' dir='ltr'>Deus</span> <span class='ocrx_word' id='word_1_188' title='bbox 563 4009 759 4114; x_wconf 89' lang='lat' dir='ltr'>inspiraret</span> <span class='ocrx_word' id='word_1_189' title='bbox 781 4007 1065 4115; x_wconf 83' lang='lat' dir='ltr'>expeditionem</span> <span class='ocrx_word' id='word_1_190' title='bbox 1082 4027 1211 4086; x_wconf 89' lang='lat' dir='ltr'>contra</span> <span class='ocrx_word' id='word_1_191' title='bbox 1235 4037 1416 4119; x_wconf 86' lang='lat' dir='ltr'>paganos,</span> <span class='ocrx_word' id='word_1_192' title='bbox 1440 4009 1617 4103; x_wconf 91' lang='lat' dir='ltr'>instituit,</span> <span class='ocrx_word' id='word_1_193' title='bbox 1638 4010 1705 4118; x_wconf 92' lang='lat' dir='ltr'>qui</span> 
     </span>
     <span class='ocr_line' id='line_1_26' title="bbox 276 4134 1706 4247; baseline 0.003 -33"><span class='ocrx_word' id='word_1_194' title='bbox 276 4155 368 4214; x_wconf 93' lang='lat' dir='ltr'>tunc</span> <span class='ocrx_word' id='word_1_195' title='bbox 391 4134 574 4247; x_wconf 85' lang='lat' dir='ltr'>temporis</span> <span class='ocrx_word' id='word_1_196' title='bbox 589 4137 874 4216; x_wconf 90' lang='lat' dir='ltr'>lherosolimam</span> <span class='ocrx_word' id='word_1_197' title='bbox 890 4156 1179 4245; x_wconf 88' lang='lat' dir='ltr'>occupaverant,</span> <span class='ocrx_word' id='word_1_198' title='bbox 1201 4139 1446 4247; x_wconf 87' lang='lat' dir='ltr'>multumque</span> <span class='ocrx_word' id='word_1_199' title='bbox 1460 4156 1561 4218; x_wconf 89' lang='lat' dir='ltr'>terre</span> <span class='ocrx_word' id='word_1_200' title='bbox 1578 4140 1706 4220; x_wconf 87' lang='lat' dir='ltr'>Chris-</span> 
     </span>
     <span class='ocr_line' id='line_1_27' title="bbox 277 4264 1708 4377; baseline 0.002 -32"><span class='ocrx_word' id='word_1_201' title='bbox 277 4269 467 4347; x_wconf 90' lang='lat' dir='ltr'>tianorum</span> <span class='ocrx_word' id='word_1_202' title='bbox 494 4271 534 4347; x_wconf 93' lang='lat' dir='ltr'>in</span> <span class='ocrx_word' id='word_1_203' title='bbox 557 4270 738 4349; x_wconf 87' lang='lat' dir='ltr'>Romania</span> <span class='ocrx_word' id='word_1_204' title='bbox 767 4270 986 4348; x_wconf 87' lang='lat' dir='ltr'>invaserant.</span> <span class='ocrx_word' id='word_1_205' title='bbox 1016 4270 1101 4363; x_wconf 90' lang='lat' dir='ltr'>Qua</span> <span class='ocrx_word' id='word_1_206' title='bbox 1126 4271 1333 4363; x_wconf 85' lang='lat' dir='ltr'>sanctione,</span> <span class='ocrx_word' id='word_1_207' title='bbox 1358 4271 1464 4377; x_wconf 74' lang='lat' dir='ltr'>q‘aasi</span> <span class='ocrx_word' id='word_1_208' title='bbox 1492 4264 1613 4349; x_wconf 86' lang='lat' dir='ltr'>divina</span> <span class='ocrx_word' id='word_1_209' title='bbox 1641 4272 1708 4350; x_wconf 90' lang='lat' dir='ltr'>ad-</span> 
     </span>
     <span class='ocr_line' id='line_1_28' title="bbox 278 4400 1774 4512; baseline 0.005 -38"><span class='ocrx_word' id='word_1_210' title='bbox 278 4400 507 4492; x_wconf 89' lang='lat' dir='ltr'>monitione,</span> <span class='ocrx_word' id='word_1_211' title='bbox 532 4428 704 4478; x_wconf 89' lang='lat' dir='ltr'>cerneres</span> <span class='ocrx_word' id='word_1_212' title='bbox 721 4416 845 4477; x_wconf 90' lang='lat' dir='ltr'>totum</span> <span class='ocrx_word' id='word_1_213' title='bbox 873 4401 1063 4478; x_wconf 88' lang='lat' dir='ltr'>mundum</span> <span class='ocrx_word' id='word_1_214' title='bbox 1086 4400 1365 4479; x_wconf 87' lang='lat' dir='ltr'>christianitatis</span> <span class='ocrx_word' id='word_1_215' title='bbox 1393 4420 1523 4479; x_wconf 89' lang='lat' dir='ltr'>contra</span> <span class='ocrx_word' id='word_1_216' title='bbox 1546 4431 1709 4512; x_wconf 83' lang='lat' dir='ltr'>paganos</span> <span class='ocrx_word' id='word_1_217' title='bbox 1769 4489 1774 4499; x_wconf 56' lang='grc'><em>,</em></span> 
     </span>
     <span class='ocr_line' id='line_1_29' title="bbox 281 4529 1709 4635; baseline 0.006 -32"><span class='ocrx_word' id='word_1_218' title='bbox 281 4529 477 4607; x_wconf 89' lang='lat' dir='ltr'>incitatum</span> <span class='ocrx_word' id='word_1_219' title='bbox 499 4532 548 4608; x_wconf 92' lang='lat' dir='ltr'>ad</span> <span class='ocrx_word' id='word_1_220' title='bbox 567 4531 753 4608; x_wconf 87' lang='lat' dir='ltr'>ultionem</span> <span class='ocrx_word' id='word_1_221' title='bbox 770 4558 840 4635; x_wconf 84' lang='lat' dir='ltr'>pro</span> <span class='ocrx_word' id='word_1_222' title='bbox 859 4531 942 4608; x_wconf 92' lang='lat' dir='ltr'>Deo</span> <span class='ocrx_word' id='word_1_223' title='bbox 970 4530 1220 4611; x_wconf 85' lang='lat' dir='ltr'>infremuisse.</span> <span class='ocrx_word' id='word_1_224' title='bbox 1243 4531 1425 4610; x_wconf 85' lang='lat' dir='ltr'>Nobilitas</span> <span class='ocrx_word' id='word_1_225' title='bbox 1439 4552 1558 4624; x_wconf 88' lang='lat' dir='ltr'>terre,</span> <span class='ocrx_word' id='word_1_226' title='bbox 1577 4562 1709 4612; x_wconf 88' lang='lat' dir='ltr'>omnes</span> 
     </span>
     <span class='ocr_line' id='line_1_30' title="bbox 286 4658 1711 4772; baseline 0.003 -36"><span class='ocrx_word' id='word_1_227' title='bbox 286 4658 436 4766; x_wconf 89' lang='lat' dir='ltr'>populi,</span> <span class='ocrx_word' id='word_1_228' title='bbox 455 4661 663 4769; x_wconf 87' lang='lat' dir='ltr'>principes,</span> <span class='ocrx_word' id='word_1_229' title='bbox 676 4662 835 4770; x_wconf 80' lang='lat' dir='ltr'>juvenes</span> <span class='ocrx_word' id='word_1_230' title='bbox 853 4660 1082 4768; x_wconf 83' lang='lat' dir='ltr'>et&#39;virgines,</span> <span class='ocrx_word' id='word_1_231' title='bbox 1100 4690 1208 4740; x_wconf 87' lang='lat' dir='ltr'>senes</span> <span class='ocrx_word' id='word_1_232' title='bbox 1225 4690 1312 4741; x_wconf 90' lang='lat' dir='ltr'>cum</span> <span class='ocrx_word' id='word_1_233' title='bbox 1322 4661 1557 4772; x_wconf 86' lang='lat' dir='ltr'>junioribus,</span> <span class='ocrx_word' id='word_1_234' title='bbox 1586 4663 1632 4741; x_wconf 94' lang='lat' dir='ltr'>de</span> <span class='ocrx_word' id='word_1_235' title='bbox 1651 4690 1711 4740; x_wconf 91' lang='lat' dir='ltr'>se-</span> 
     </span>
    </p>

    <p class='ocr_par' dir='ltr' id='par_1_8' title="bbox 279 4787 1712 4899">
     <span class='ocr_line' id='line_1_31' title="bbox 279 4787 1712 4899; baseline 0.003 -35"><span class='ocrx_word' id='word_1_236' title='bbox 279 4787 391 4867; x_wconf 92' lang='lat' dir='ltr'>dibus</span> <span class='ocrx_word' id='word_1_237' title='bbox 410 4791 489 4870; x_wconf 90' lang='lat' dir='ltr'>suis</span> <span class='ocrx_word' id='word_1_238' title='bbox 506 4790 681 4898; x_wconf 86' lang='lat' dir='ltr'>migrant.</span> <span class='ocrx_word' id='word_1_239' title='bbox 700 4787 852 4883; x_wconf 81' lang='lat' dir='ltr'>Quibus</span> <span class='ocrx_word' id='word_1_240' title='bbox 872 4787 974 4867; x_wconf 89' lang='lat' dir='ltr'>bella</span> <span class='ocrx_word' id='word_1_241' title='bbox 992 4791 1148 4870; x_wconf 90' lang='lat' dir='ltr'>Domini</span> <span class='ocrx_word' id='word_1_242' title='bbox 1165 4793 1333 4870; x_wconf 85' lang='lat' dir='ltr'>certatim</span> <span class='ocrx_word' id='word_1_243' title='bbox 1353 4789 1616 4899; x_wconf 89' lang='lat' dir='ltr'>preliantibus,</span> <span class='ocrx_word' id='word_1_244' title='bbox 1629 4808 1712 4868; x_wconf 87' lang='lat' dir='ltr'>tan-</span> 
     </span>
    </p>
   </div>
   <div class='ocr_carea' id='block_1_8' title="bbox 0 0 2261 5842">
    <p class='ocr_par' dir='ltr' id='par_1_9' title="bbox 0 0 2261 5842">
     <span class='ocr_line' id='line_1_32' title="bbox 0 0 2261 5842; baseline 0 0"><span class='ocrx_word' id='word_1_245' title='bbox 0 0 2261 5842; x_wconf 95' lang='lat' dir='ltr'> </span> 
     </span>
    </p>
   </div>
  </div>
 </body>
</html>
