4478 5842
539 468 668 541 PARS
703 468 880 542 PRIMA.
900 514 950 527 -
968 470 1218 562 F'OLQUINI
1245 474 1340 546 LlB.
1368 478 1415 546 ll.
1612 473 1681 550 155

270 605 340 682 sub
358 605 521 684 Rodullo
533 607 683 698 abbate,
697 626 918 714 tempestate
932 629 1210 714 consumptum.
1226 612 1316 717 Ejus
1333 629 1518 717 tempore,
1531 612 1684 690 Clunia-

270 764 354 810 cum
370 735 582 844 hmdaturl.
600 739 684 814 Haec
701 740 734 814 ei
751 768 838 846 ergo
855 767 962 816 causa
983 741 1180 816 seminaria
1200 741 1273 817 suit
1291 741 1388 832 odii,
1410 743 1507 818 inter
1520 744 1683 818 eundem

270 863 489 957 Folconem,
507 867 727 971 episcopum
740 884 778 943 et
790 867 981 958 abbatem,
1001 887 1038 945 et
1053 868 1224 945 inclitum
1239 869 1486 958 Balduinum,
1502 870 1686 946 marchio-

269 1022 374 1087 nem3
404 1015 441 1073 et
470 998 547 1073 haec
580 999 775 1074 inimicitia
805 1025 881 1077 vuu
914 1028 1100 1077 annorum
1133 999 1209 1075 lere
1244 1019 1487 1104 occupaverat
1517 1018 1682 1105 tempus,

268 1127 390 1203 donec
414 1129 580 1232 prelatus
608 1155 734 1205 comes
767 1128 972 1206 Balduinus
1003 1128 1144 1235 [scelus
1173 1130 1278 1234 quod
1309 1130 1437 1240 animo
1465 1150 1686 1235 conceperat

268 1274 474 1345 evomeret,
503 1257 567 1363 ut]
593 1257 781 1363 quendam
804 1258 965 1334 militem
988 1248 1118 1348 suum,
1146 1259 1300 1336 nomine
1322 1260 1605 1349 Winemarum,
1637 1262 1689 1337 ad

136 1452 141 1461 .
267 1414 393 1493 regem
416 1387 596 1464 Karolum
619 1416 800 1493 puerum,
824 1389 888 1494 qui
911 1405 1004 1465 tunc
1024 1389 1219 1495 regnabat3
1243 1416 1310 1493 pro
1334 1389 1403 1464 hac
1422 1390 1553 1465 eadem
1576 1385 1692 1495 causa·

269 1516 462 1624 dirigeret,
487 1535 524 1594 et
543 1536 586 1595 ut
606 1517 771 1621 episcopi
789 1517 956 1593 animum
975 1518 1153 1622 placaret,
1172 1535 1210 1594 et
1226 1520 1275 1593 ad
1290 1518 1603 1595 consentiendum
1625 1522 1681 1612 id,

167 1703 170 1709 -
267 1645 298 1721 si
311 1674 387 1751 quo
400 1649 517 1724 modo
532 1663 674 1754 posset,
689 1646 897 1723 inclinaret.
912 1647 1089 1752 Cumque
1103 1647 1300 1753 episcopus
1314 1646 1354 1723 in
1370 1676 1454 1736 sua,
1467 1666 1509 1724 ut
1521 1669 1681 1754 ceperat,

189 1830 192 1835 ·
268 1777 454 1852 sententia
480 1777 718 1882 perduraret,
747 1805 862 1883 seque
891 1776 1076 1885 dejeraret
1103 1776 1210 1854 nullo
1239 1779 1356 1855 modo
1386 1779 1614 1855 consentiret
1643 1798 1685 1858 ut

226 1958 229 1963 -
267 1904 383 1993 laicus
395 1904 534 2011 [contra
549 1924 761 1983 sanctorum
777 1930 963 1983 canonum
978 1907 1126 2012 statuta]
1138 1908 1218 2013 jam
1230 1909 1338 1984 dictae
1356 1909 1617 1985 dominaretur
1628 1910 1686 1985 ah·

266 2034 394 2124 batiae,
412 2034 531 2111 isdem
546 2037 806 2127 Winemarus,
824 2066 910 2113 cum
929 2037 984 2111 ira
1000 2064 1185 2123 reversus,
1203 2052 1240 2111 et
1254 2037 1343 2140 quia
1359 2037 1436 2112 haec
1447 2038 1685 2144 Compendio

269 2163 408 2267 palatio
430 2182 508 2241 acta
523 2176 646 2258 erant',
663 2166 827 2242 tetendit
843 2165 998 2243 insidias
1021 2166 1199 2271 episcopo
1218 2166 1346 2240 Remis
1367 2168 1578 2243 revertenti.
1597 2170 1685 2274 Epi·
1769 2224 1771 2228 -

266 2320 400 2398 scopus
415 2310 539 2371 autem
557 2295 669 2402 hujus
681 2295 734 2372 rei
751 2297 916 2403 ignarus,
933 2324 1019 2372 cum
1034 2294 1110 2371 illie
1122 2324 1207 2371 cum
1223 2295 1350 2399 paucis
1365 2296 1590 2387 advenisset,
1607 2324 1685 2400 pre

268 2422 390 2500 dictus
410 2424 604 2531 [minister
618 2423 729 2529 mali]
742 2427 1001 2514 Winemarus,
1020 2452 1232 2533 supereum
1248 2453 1334 2500 cum
1349 2424 1683 2532 magnalerocitate

266 2551 435 2645 irruens,
456 2582 534 2632 non
555 2557 693 2635 veritus
707 2557 862 2663 justitiae
879 2583 947 2630 uec
970 2556 1238 2659 pertimescens
1264 2556 1358 2630 iram
1381 2554 1469 2645 Dei,
1495 2555 1599 2660 quod
1619 2582 1683 2630 au-

267 2682 349 2759 ditu
375 2703 431 2761 est
448 2686 561 2761 etiam
575 2684 775 2776 horribile,
790 2685 1007 2789 episcopum
1028 2685 1242 2760 lancearum
1256 2682 1441 2760 interfecit
1458 2684 1678 2789 punctione,

267 2840 365 2888 anno
388 2814 586 2890 dominicae
602 2815 866 2893 incarnationis
881 2841 1021 2906 nocco,
1037 2841 1097 2893 xv.
1116 2814 1264 2891 kalend.
1275 2814 1378 2921 julii,
1396 2814 1486 2891 feria
1502 2841 1570 2904 un,
1589 2815 1681 2892 hora

268 2969 315 3021 vr.
343 2943 455 3050 [Ecce
470 2945 642 3051 qualiter,
657 2972 735 3051 pro
749 2945 903 3024 ecclesie
923 2943 1123 3024 Sithiensis
1141 2944 1321 3035 tuitione,
1342 2943 1465 3021 cultor
1481 2945 1590 3022 vinee
1604 2944 1682 3021 Do-

266 3074 360 3150 mini
389 3076 504 3167 cadit,
532 3076 654 3153 libans
677 3076 856 3154 Salvatori
881 3078 1044 3153 animam
1060 3075 1294 3185 jungendam
1323 3092 1536 3153 sanctorum
1558 3075 1682 3152 choris

265 3205 305 3282 in
320 3206 505 3312 perhenni
525 3206 674 3316 gaudio.
696 3206 814 3316 Cujus
832 3206 1046 3285 venerabile
1063 3233 1198 3311 corpus
1213 3223 1459 3294 assumentes,
1476 3205 1618 3296 Remis,
1642 3206 1682 3281 in

266 3337 460 3415 ecclesiam
476 3337 565 3414 almi
578 3337 737 3448 Remigii
754 3338 930 3444 presulis,
946 3336 1155 3414 honorilice
1170 3334 1432 3442 sepelierunt]
1450 3335 1564 3427 Quod
1579 3335 1682 3412 nelas

266 3469 482 3547 inauditum
502 3469 588 3546 ilico
610 3469 830 3546 dilamatum
857 3487 914 3547 est
941 3497 1011 3576 per
1033 3468 1207 3578 regiones
1236 3484 1452 3542 cunctarum
1478 3463 1683 3569 provincia-

266 3628 367 3691 rum,
391 3628 460 3675 nec
480 3598 605 3702 potuit
624 3598 731 3676 lateri
751 3600 897 3688 Romae,
915 3616 1132 3676 cunctarum
1150 3599 1302 3675 urbium
1324 3595 1499 3673 dominae.
1517 3595 1625 3671 Unde
1645 3613 1683 3671 et

266 3728 491 3836 apostolicus
507 3729 623 3833 ipsius
643 3745 776 3805 sanctae
791 3731 966 3806 Romanae
987 3722 1168 3805 ecclesiael
1186 3726 1396 3833 predictum
1417 3726 1681 3805 Winemarum

267 3858 467 3965 apostolica
480 3857 697 3934 auctoritate
710 3858 828 3935 vinxit
845 3859 917 3937 suh
932 3861 1187 3946 anathemate,
1199 3857 1363 3935 scribens
1377 3873 1414 3934 et
1429 3856 1476 3932 ad
1489 3855 1682 3961 episcopos

267 4005 485 4066 cunctarum
498 3986 791 4092 provinciarum,
808 4003 852 4062 ut
864 3985 998 4063 eodem
1012 3989 1129 4064 modo
1147 3988 1394 4090 dampnarent
1412 3985 1507 4061 tanti
1522 3983 1681 4060 homici-

269 4119 321 4196 dii
334 4145 462 4208 reum3
478 4117 584 4223 quod
599 4116 701 4192 etita
720 4133 865 4194 constat
880 4115 1030 4192 lactum.
1047 4116 1169 4194 Isdem
1184 4132 1309 4192 autem
1324 4116 1567 4194 Winernarus
1583 4111 1680 4219 [doli

268 4248 476 4356 ministerl,
498 4248 538 4324 in
559 4247 683 4325 cordis
703 4246 759 4323 sui
782 4246 919 4324 duritia
941 4274 1200 4353 perseverans,
1220 4275 1258 4324 se
1279 4245 1436 4323 minime
1459 4271 1566 4321 reum
1583 4242 1682 4349 cepit

267 4406 456 4470 excusare3
478 4377 664 4456 asserebat
683 4377 785 4455 enim
805 4405 845 4455 se
865 4378 938 4454 hoc
957 4406 1025 4483 pro
1049 4379 1207 4456 senioris
1225 4378 1282 4456 sui
1301 4373 1482 4454 fidelitate
1501 4390 1678 4481 patrasse,

267 4527 306 4588 et
319 4509 452 4586 iccirco
465 4509 542 4585 fine
557 4524 668 4586 tenus
682 4508 722 4584 in
737 4508 821 4615 ipso
831 4509 1036 4615 permansit
1049 4508 1295 4587 anathemate.
1311 4507 1519 4585 Balduinus
1533 4519 1678 4592 autem,

266 4658 352 4750 post
369 4641 448 4718 haec
460 4704 469 4733 ,
482 4639 668 4754 abbatiam
688 4639 853 4748 optinuit
866 4639 967 4748 regia
988 4638 1203 4718 donatione.

312 4804 320 4836 ¹
343 4805 444 4890 Suppl.
463 4808 590 4874 minister,
611 4817 662 4867 aut
679 4806 758 4867 aliud
773 4805 925 4887 ejusmodi.
983 4850 988 4867 .-
