4478 5842
566 475 688 546 PARS
714 470 963 545 SECUNDA.
983 510 1033 522 -—
1051 467 1266 541 stMONts
1290 465 1382 539 LIB.
1410 471 1437 538 Ι.
1636 472 1700 542 191

291 653 304 683 ι
317 633 465 692 nostros
477 614 592 692 boves
607 612 779 719 abegisti,
797 629 836 686 et
851 612 891 687 in
906 609 1099 688 servitium
1110 608 1265 685 alterius
1278 607 1501 685 vendicastit
1514 643 1528 675 ι
1543 612 1625 685 Nou
1637 609 1709 683 mi-

290 774 373 823 rum
388 720 545 850 quidem
561 745 592 821 si
607 772 769 849 nequam
791 769 901 846 prava
919 769 984 817 ore
1000 739 1161 844 proten,
1176 739 1385 828 inmiscet,
1401 766 1496 842 opus
1511 767 1551 813 ac
1567 739 1599 814 si
1614 756 1710 814 esset

216 882 232 909 ⁸
291 874 432 953 dictum
446 877 455 916 ¹
472 908 480 950 ε
497 912 508 942 α
524 875 563 952 Si
579 892 683 964 tuus,
700 873 838 978 inquit,
852 887 1001 948 sanctus
1012 871 1189 946 Bertinus
1208 869 1278 946 bos
1291 886 1403 956 esset,
1417 868 1510 975 jugo
1526 895 1613 943 meo
1629 869 1710 971 jun·

289 1041 303 1071 c
319 1022 484 1112 geretur,
499 1005 644 1110 subque
661 1003 790 1080 labore
806 1002 1031 1106 ingemeret,
1045 1000 1110 1106 qui
1126 1017 1212 1075 tuos
1227 999 1397 1104 quereris
1410 1025 1497 1074 meo
1514 996 1635 1073 lahori
1653 997 1711 1071 in·

292 1134 483 1211 «sudasse.
498 1171 511 1201 ι
527 1134 576 1210 At
591 1133 656 1208 ille
667 1131 790 1237 inquit
806 1161 815 1206 t
834 1130 966 1221 «Quid
983 1129 1107 1206 dixisti
1123 1128 1307 1233 nequam?
1317 1128 1363 1204 Et
1374 1127 1405 1202 si
1418 1127 1597 1232 cogitaras
1608 1127 1709 1232 quod

292 1262 427 1340 «nefas
443 1263 586 1340 dictum
607 1280 681 1349 est,
705 1260 996 1365 haudquaquam
1016 1258 1139 1362 palam
1160 1257 1361 1363 proferres.
1380 1255 1563 1345 Plectere,
1585 1256 1710 1344 miser,

292 1391 470 1481 «meiito,
483 1385 648 1495 plectere
664 1418 779 1495 pena3
799 1387 1032 1465 mulctebere
1048 1387 1196 1463 celestis
1213 1387 1267 1462 ire
1282 1368 1392 1492 virga.
1408 1422 1422 1453 »
1439 1386 1540 1462 Dum
1558 1413 1648 1491 crgo
1663 1386 1712 1460 is-

294 1521 381 1597 dem
397 1519 503 1627 ralde
521 1537 663 1610 motus,
679 1519 865 1623 superbis
878 1517 1016 1622 pedem
1032 1517 1380 1605 averteret‚me1ito
1394 1517 1713 1623 dignapercussus

293 1666 349 1731 est
372 1649 493 1756 plaga.
518 1652 609 1728 Nam
633 1648 746 1727 facies
768 1646 872 1724 itlius
890 1646 940 1723 ad
958 1646 1166 1751 posteriora
1186 1645 1276 1724 ilico
1295 1644 1526 1735 flectebatur,
1552 1646 1647 1722 adeo
1671 1662 1714 1721 ut

293 1778 445 1886 occiput
469 1779 574 1884 quod
596 1795 692 1868 erat,
716 1776 895 1883 sinciput,
922 1793 960 1852 et
982 1776 1147 1880 sinciput
1166 1776 1275 1881 quod
1292 1794 1387 1868 erat,
1417 1777 1566 1881 occiput
1583 1773 1714 1850 haberi

292 1908 493 1999 videretur,
518 1924 645 2013 preter
666 1909 771 2012 quod
790 1906 899 1985 faties
917 1907 996 1983 suis
1015 1905 1149 1987 formis
1171 1905 1341 2013 insigniri
1367 1906 1536 1983 deberet.
1561 1904 1713 1981 Collum

294 2039 396 2116 enim
417 2018 619 2117 distortum
637 2055 674 2114 et
693 2037 901 2126 tumidum,
922 2036 1136 2142 dubiaeque
1158 2018 1315 2142 quidem
1334 2038 1520 2114 tumentia
1549 2053 1588 2113 et
1605 2035 1715 2112 alior-

295 2196 378 2245 sum
399 2196 441 2245 ac
466 2169 649 2246 deberent
672 2195 792 2258 verss3
815 2167 960 2243 lumina
987 2194 1139 2274 quoque
1166 2166 1364 2275 curiorum
1387 2167 1595 2242 inversum
1619 2165 1716 2270 aspi·

296 2299 430 2377 cientis
461 2327 613 2375 cernere
645 2314 741 2388 eran
772 2315 827 2383 et,
855 2297 949 2404 quid
975 2295 1084 2403 plura
1113 2297 1295 2374 referenti
1318 2296 1411 2404 quid
1439 2296 1578 2373 mimm
1613 2297 1715 2372 dictu

296 2429 489 2536 majusque
516 2431 596 2506 visu
627 2429 704 2505 esst
732 2426 848 2504 nichil
879 2427 1036 2504 humani
1064 2428 1104 2503 in
1133 2456 1178 2505 eo
1205 2428 1433 2506 intuebatur.
1462 2427 1566 2503 Talis
1591 2426 1716 2531 itaque

298 2560 453 2636 domum
473 2559 704 2663 deportatur.
724 2560 773 2633 At
786 2559 956 2634 taurinos
975 2558 1143 2662 mugitus
1156 2559 1348 2648 emittens,
1371 2581 1525 2635 omnem
1543 2556 1716 2633 viciniam

296 2718 361 2766 sue
381 2717 478 2793 pene
501 2689 666 2765 cruciatu
687 2687 885 2763 movebat:
907 2703 986 2763 erat
1007 2687 1107 2761 enim
1131 2688 1170 2763 in
1191 2689 1345 2764 homine
1365 2688 1492 2765 videre
1514 2687 1714 2763 miseriam.

296 2819 435 2895 Verum
456 2819 533 2894 suis
551 2817 726 2922 precibus
745 2817 983 2923 aliorumque
1001 2834 1150 2926 rogatu,
1174 2835 1211 2893 et
1230 2819 1318 2924 quia
1336 2819 1454 2896 voluit
1473 2819 1599 2895 videre
1620 2816 1719 2894 mul·

296 2962 431 3035 tatum,
452 2974 528 3042 una
550 2974 635 3021 cum
662 2945 745 3023 aliis
767 2964 894 3025 noster
917 2974 1098 3024 monacus
1119 2946 1339 3025 Heribertus
1363 2947 1451 3025 ilico
1469 2949 1587 3039 venit3
1615 2949 1720 3053 cujus

263 3185 264 3188 Ἴ
298 3075 524 3178 presentiam
545 3075 759 3182 intelligens
783 3105 888 3166 voce,
917 3105 995 3153 non
1021 3077 1123 3154 enim
1145 3078 1227 3155 visu
1252 3079 1352 3155 hunc
1372 3079 1495 3186 ipsum
1520 3104 1719 3184 agnoscere

297 3205 502 3309 quieverat,
523 3233 603 3311 quo
627 3233 697 3311 pro
717 3234 756 3283 se
782 3223 865 3283 oret
891 3206 1114 3314 deprecetur
1141 3208 1285 3284 intente
1306 3237 1348 3285 ac
1366 3237 1454 3313 sepe
1476 3209 1641 3286 multum
1661 3235 1722 3283 ro-

298 3351 370 3441 gat.
392 3334 442 3413 At
458 3334 525 3413 ille
540 3336 773 3441 compatiens
791 3337 930 3415 misero
951 3338 1054 3444 (quis
1068 3338 1169 3415 enim
1190 3339 1361 3416 mortalis
1380 3340 1480 3415 hunc
1502 3337 1722 3445 hujusmodi

299 3491 458 3543 cernens
472 3493 551 3543 non
571 3468 909 3573 compatereturtt
927 3469 1136 3546 sciscitatur
1154 3497 1201 3544 an
1224 3468 1314 3546 vetit
1327 3469 1464 3545 amodo
1486 3469 1718 3572 resipiscere,

299 3595 549 3702 funditusque
562 3597 730 3704 priorem
747 3598 861 3675 vitam
876 3599 1077 3708 corrigere.
1097 3601 1283 3692 «Eadem,
1302 3600 1443 3706 inquit,
1464 3599 1588 3705 passio
1608 3616 1646 3675 et
1663 3597 1721 3673 in·

302 3762 314 3791 ι
328 3726 504 3805 curabilis
517 3727 772 3830 percellatmc
787 3728 994 3817 senonem
1007 3758 1096 3807 sane
1111 3748 1260 3808 sanmus
1275 3732 1315 3807 in
1329 3729 1511 3808 omnibus
1522 3729 1722 3838 neglexero

301 3854 571 3933 «emendarit»
589 3854 765 3932 Credidit
781 3856 902 3961 igitur
912 3856 1038 3934 bonus
1054 3859 1111 3934 vir
1129 3861 1321 3965 sponsioni
1339 3861 1458 3951 illius,
1480 3888 1649 3938 reversus
1670 3875 1725 3935 est

302 3982 649 4074 contiaumoravit,
664 3984 817 4060 sanimti
826 3985 1022 4063 restitutus
1036 4004 1104 4063 est.
1117 3989 1309 4093 Sequente
1320 4007 1446 4066 autem
1458 3990 1660 4082 die‚‘cluis
1670 3990 1726 4064 in·
1780 4074 1784 4079 ,

303 4112 613 4201 dutusvestibus,
628 4112 815 4191 valentior
830 4131 943 4221 atque
958 4116 1086 4192 sanior
1103 4117 1216 4196 solito
1236 4121 1419 4225 apparuit.
1441 4120 1627 4198 Mirantur
1644 4146 1727 4196 om·

303 4272 370 4322 nes
389 4243 560 4351 quicum
586 4271 725 4323 novere
745 4244 981 4350 perculsum,
1003 4262 1081 4323 tam
1104 4264 1259 4355 repente
1279 4250 1521 4329 convaluisse
1544 4249 1622 4328 Sed
1646 4250 1725 4356 ipse

304 4373 373 4451 atta
395 4371 579 4480 fingebat,
600 4373 1103 4481 componebstorsticnsn,
1128 4377 1308 4456 aliorsum
1327 4407 1419 4458 tera
1432 4381 1666 4487 detorquens
1682 4406 1725 4457 sc

180 4614 185 4623 1
305 4502 473 4581 deberes
486 4505 733 4582 Verum-eom
743 4530 832 4610 sepe
847 4506 1042 4585 mondnio
1055 4525 1326 4607 comanorum
1340 4511 1570 4590 msebomo
1583 4536 1726 4589 usuca·

306 4649 427 4725 cerm,
444 4632 605 4717 tettandt
615 4632 822 4715 assiduitas
835 4635 935 4715 sluit
947 4637 1159 4728 sudationis
1177 4639 1333 4717 audacis
1346 4668 1434 4720 vero
1451 4640 1725 4752 congeminavit

308 4830 325 4857 ··
349 4806 357 4837 ¹
380 4807 678 4871 manumittet·
686 4818 847 4892 corruptos.
1033 4804 1038 4823 ''
