4478 5842
689 477 817 551 PARS
853 478 1095 551 PRIMA.—
1113 478 1366 569 FOLQUINI
1391 478 1484 550 LIB.
1514 479 1540 549 Ι.
1773 482 1820 549 25

407 614 524 690 divini
540 616 677 709 cultus,
694 618 752 695 vel
771 618 816 695 ad
832 645 929 725 opus
951 647 1081 697 eorum
1105 621 1377 697 monachorum
1395 618 1583 725 pertinere
1604 636 1824 709 noscuntur,

405 744 463 820 vel
483 744 522 821 in
543 742 814 825 caeteris'rehus
835 747 979 825 collatis
999 767 1064 827 aut
1083 750 1258 855 deinceps
1279 745 1486 839 collaturis,
1504 748 1544 823 in
1563 748 1736 855 praesenti
1755 747 1826 824 vita

408 875 543 953 nostris
563 879 798 985 temporibus
816 907 883 957 seu
903 908 1159 958 suceessorum
1177 908 1369 968 meorum,
1389 907 1511 986 nequo
1533 904 1601 986 ego
1623 875 1825 981 nullusque

407 1003 478 1081 sihi
494 1007 677 1111 pontifex,
700 1028 763 1087 aut
775 1009 909 1116 aliquis
923 1039 966 1087 ex
981 1011 1115 1088 ordine
1131 1009 1353 1140 clericprum
1368 1006 1562 1086 ordinator
1578 1008 1828 1083 Tarnanensis

408 1136 600 1231 aecclesiae,
617 1140 695 1218 suis
709 1140 841 1217 usihus
855 1149 1034 1245 usurpare
1050 1157 1114 1215 aut
1132 1141 1321 1231 minuere,
1345 1157 1410 1216 aut
1432 1138 1480 1214 ad
1501 1138 1685 1215 civitatem
1706 1138 1829 1244 aliqua

373 1298 379 1307 ·
407 1268 532 1370 specie
553 1268 698 1346 deferre
720 1298 797 1347 non
817 1287 1034 1375 praesumat?
1054 1272 1101 1346 Et
1120 1269 1301 1376 quicquid
1328 1270 1376 1344 ad
1403 1270 1527 1373 ipsum
1553 1267 1667 1344 altare
1697 1268 1736 1342 in
1759 1269 1828 1344 Dei

409 1399 564 1473 nomine
576 1396 871 1477 fueritohlatum
884 1400 1214 1505 aquihuscunque,
1230 1400 1311 1475 Deo
1322 1399 1538 1503 inspirante,
1550 1398 1827 1488 transmissum,

409 1526 527 1602 nichil
545 1527 614 1605 sibi
633 1529 767 1605 exinde
780 1590 789 1619 ,
804 1555 872 1633 pro
886 1528 1093 1604 reverentia
1113 1544 1246 1603 sanctae
1261 1526 1398 1616 hlariae,
1413 1527 1453 1602 in
1470 1527 1576 1634 cujus
1591 1528 1736 1605 honore
1752 1531 1831 1633 ipsa

408 1655 558 1732 hasilica
577 1657 636 1735 rel
652 1655 886 1763 reliquorum
907 1672 1120 1735 sanctorum
1149 1673 1360 1734 constructa
1380 1684 1459 1733 esse
1483 1656 1642 1748 videtur,
1663 1657 1831 1763 pontifex

408 1803 472 1863 aut
488 1787 567 1894 ejus
584 1786 884 1877 archidiaconus,
902 1785 960 1863 vel
980 1786 1143 1892 quilibet
1161 1787 1355 1865 ordinator
1372 1785 1542 1863 aecclesiae
1560 1789 1829 1881 TaruanensiS,

409 1917 545 1993 audeat
554 1916 741 1994 vindicare
756 1916 942 2023 apraefato
956 1917 1201 2009 monasterio,
1217 1945 1340 2022 neque
1356 1917 1395 1991 in
1410 1916 1505 2025 agris
1521 1917 1639 2022 ipsius
1655 1922 1829 2011 convivia,

411 2075 491 2155 eg0,
506 2047 563 2123 vel
577 2046 775 2153 pontifices
785 2074 1014 2133 successores
1025 2049 1154 2139 nostri,
1167 2048 1225 2123 rel
1235 2047 1529 2138 archidiaconus,
1537 2038 1741 2155 praeparare
1754 2079 1830 2129 non

409 2192 618 2282 praesumat,
632 2176 703 2254 nisi
714 2176 761 2253 ab
777 2178 911 2256 abbate
924 2176 1103 2283 sepedicti
1115 2176 1332 2254 monasterii
1348 2176 1473 2252 Sithiu
1486 2182 1831 2281 spontanearolun-
1915 2174 1920 2181 ¹

409 2326 485 2385 tate
504 2307 619 2384 fuerit
633 2326 801 2416 rogatus,
824 2326 876 2401 et,
900 2326 1051 2414 peracto
1077 2296 1204 2386 divino
1224 2305 1404 2397 misteri0‚
1431 2307 1571 2421 ahsque
1590 2307 1670 2385 ullo
1687 2310 1831 2386 incom·
1882 2346 1894 2358 ¹·

409 2438 537 2529 modo,
553 2439 593 2515 in
613 2466 678 2516 sua
695 2439 843 2517 studeat
858 2439 996 2516 hahere
1017 2467 1244 2549 regressum3
1264 2466 1387 2544 neque
1408 2437 1487 2515 ulla
1501 2438 1572 2513 alia
1590 2457 1772 2543 potestate
1793 2440 1832 2515 in

400 2567 488 2673 ¹ipso
520 2572 764 2661 monasterio,
799 2589 841 2648 ut
869 2572 1046 2660 diximus,
1080 2598 1204 2675 neque
1237 2570 1277 2643 in
1298 2568 1427 2657 rehus,
1450 2596 1517 2643 seu
1537 2567 1748 2643 misterium
1769 2588 1833 2646 aut

407 2717 672 2803 ornamentum
699 2701 832 2806 ipsius,
855 2728 979 2806 neque
1005 2701 1043 2774 in
1070 2699 1241 2804 personis
1267 2696 1433 2774 donandi
1460 2714 1526 2772 aut
1554 2700 1831 2791 conuuutandi,

407 2857 474 2932 pro
489 2831 696 2906 reverentia
716 2846 850 2906 sanctoe
868 2830 993 2929 hlariae
1011 2829 1070 2906 vel
1092 2829 1192 2906 Petri
1212 2847 1248 2906 et
1268 2829 1372 2905 Pauli
1387 2826 1662 2933 apostolorum,
1686 2830 1744 2906 vel
1765 2859 1832 2936 pro

408 2986 464 3045 ee,
481 2975 525 3035 ut
536 2959 654 3065 quieti
668 2959 737 3037 sub
753 2959 888 3066 regula'
900 2975 1026 3036 sancta
1038 2960 1106 3064 ipsi
1125 2959 1300 3036 monachi
1314 2958 1434 3035 rivere
1452 2958 1626 3050 debeant,
1643 2959 1691 3034 ad
1708 2961 1832 3065 ipsum

408 3088 679 3167 monasterium
707 3088 977 3177 deservientes,
1006 3105 1050 3164 ut
1073 3088 1119 3164 de
1144 3086 1308 3194 perfecte
1335 3087 1462 3193 quiete
1491 3088 1569 3193 ipsa
1595 3091 1833 3198 congregatio

406 3216 543 3308 valeat,
577 3218 672 3294 duce
692 3218 880 3309 Domino,
907 3216 1016 3295 illeso
1041 3217 1209 3306 tramite,
1234 3244 1304 3322 per
1326 3233 1498 3323 tempora
1519 3218 1699 3308 exultare,
1730 3221 1833 3296 etad

408 3364 560 3451 portum
576 3348 713 3454 quietis
729 3367 874 3426 aeterna
885 3346 1044 3424 feliciter
1059 3347 1272 3452 perrenir03
1290 3364 1342 3437 et,
1363 3347 1458 3423 sicut
1473 3347 1582 3452 plura
1595 3351 1830 3436 monasteria,

408 3478 479 3555 suh
499 3477 672 3556 libertate
691 3478 873 3570 viventes,
895 3494 938 3554 ut
957 3505 1024 3582 pro
1048 3493 1147 3554 statu
1166 3476 1336 3552 aecclesiae
1355 3493 1393 3553 et
1412 3475 1530 3552 salute
1548 3479 1660 3584 regis,
1680 3476 1738 3553 rel
1761 3496 1833 3555 sta-

409 3606 553 3685 bilitate
569 3608 672 3715 regni
690 3626 727 3685 et
736 3607 1006 3714 tranquillitate
1019 3607 1156 3712 patriar,
1170 3607 1317 3683 valeant
1329 3606 1460 3711 inipso
1474 3604 1557 3682 loco
1568 3605 1627 3681 tel
1641 3606 1688 3680 ad
1700 3634 1831 3684 eorum

410 3738 587 3844 reliquias
611 3756 824 3816 sanctorum
845 3739 997 3843 plenius
1017 3765 1185 3828 exorare,
1212 3754 1260 3827 et,
1283 3738 1389 3844 juxta
1415 3736 1564 3813 decreta
1590 3736 1832 3841 antiquorum

411 3885 577 3972 patrum,
607 3870 774 3947 Domino
812 3869 1031 3974 adjuvante,
1059 3868 1206 3944 valeant
1236 3896 1492 3973 perseverare,
1521 3868 1698 3973 quatinus
1738 3870 1832 3945 hanc

413 3998 626 4101 epistolam,
642 4027 729 4073 cum
744 3996 937 4102 privilegio
949 4022 1124 4070 concesso
1139 4012 1249 4098 atque
1264 3996 1415 4071 indulto
1428 3995 1499 4071 suh
1516 4024 1573 4084 ea,
1590 4013 1634 4073 ut
1652 3996 1831 4088 diximus,

412 4124 607 4211 libertate,
624 4126 721 4200 sicut
735 4124 899 4229 plurima
917 4121 1155 4213 monasteria,
1175 4140 1218 4198 ut
1236 4123 1413 4197 monachi
1433 4122 1576 4199 ibidem
1590 4127 1834 4203 consistentes

414 4255 577 4332 debeant
595 4255 634 4331 in
654 4273 881 4361 perpetuum
899 4281 1119 4359 permanere
1136 4252 1366 4341 firmissime,
1383 4270 1426 4328 ut
1435 4251 1606 4358 jamdicti
1623 4258 1832 4331 monachia

412 4385 602 4491 sepedicto
616 4384 844 4464 monasterio
856 4385 1012 4493 ejusque
1022 4384 1187 4473 cellulas,
1197 4384 1285 4491 quia
1295 4382 1411 4459 nichil
1429 4383 1476 4460 cle
1486 4384 1664 4462 canonica
1680 4390 1835 4465 auetori-

412 4533 487 4592 tate
503 4515 738 4609 convellitur,
756 4515 938 4623 quicquid
954 4514 1280 4604 domesticisfrdei,
1297 4541 1365 4618 pro
1374 4514 1644 4619 tranquillitate
1660 4519 1760 4622 pacis
1775 4518 1834 4595 vel

412 4646 618 4723 reverentia
630 4663 856 4735 sanctorum,
871 4646 1062 4724 tribuitur.
1073 4645 1174 4722 lllud
1184 4646 1293 4722 etiam
1305 4645 1446 4750 placuit
1462 4645 1612 4737 addere,
1625 4665 1679 4739 ut,
1692 4648 1832 4754 absque

415 4775 570 4853 introitu
582 4774 782 4881 pontificis,
796 4774 866 4880 ipsi
877 4775 1052 4854 monachi
1064 4774 1135 4854 sub
1145 4774 1328 4885 religione
1338 4774 1398 4854 vel
1404 4774 1544 4884 regula,
1557 4776 1653 4854 sicut
1662 4775 1834 4881 superius

678 4906 681 4911 ’
1605 4904 1624 4969 [ι
