<?xml version="1.0" encoding="UTF-8"?>
<!DOCTYPE html PUBLIC "-//W3C//DTD XHTML 1.0 Transitional//EN"
    "http://www.w3.org/TR/xhtml1/DTD/xhtml1-transitional.dtd">
<html xmlns="http://www.w3.org/1999/xhtml" xml:lang="en" lang="en">
 <head>
  <title>
</title>
<meta http-equiv="Content-Type" content="text/html;charset=utf-8" />
  <meta name='ocr-system' content='tesseract 3.04.00' />
  <meta name='ocr-capabilities' content='ocr_page ocr_carea ocr_par ocr_line ocrx_word'/>
</head>
<body>
  <div class='ocr_page' id='page_1' title='image "./cartulairedelab00frangoog_0574.png"; bbox 0 0 4388 5850; ppageno 0'>
   <div class='ocr_carea' id='block_1_1' title="bbox 560 474 1699 550">
    <p class='ocr_par' dir='ltr' id='par_1_1' title="bbox 560 474 1699 550">
     <span class='ocr_line' id='line_1_1' title="bbox 560 474 1699 550; baseline 0.001 -4"><span class='ocrx_word' id='word_1_1' title='bbox 560 475 878 549; x_wconf 81' lang='lat' dir='ltr'><strong>MONASTERII</strong></span> <span class='ocrx_word' id='word_1_2' title='bbox 905 474 1112 550; x_wconf 85' lang='lat' dir='ltr'><strong>SANCTAE</strong></span> <span class='ocrx_word' id='word_1_3' title='bbox 1137 474 1435 548; x_wconf 82' lang='lat' dir='ltr'><strong>TRlNlTATIS.</strong></span> <span class='ocrx_word' id='word_1_4' title='bbox 1624 475 1699 549; x_wconf 73' lang='lat'><strong>465</strong></span> 
     </span>
    </p>
   </div>
   <div class='ocr_carea' id='block_1_2' title="bbox 169 614 1717 3712">
    <p class='ocr_par' dir='ltr' id='par_1_2' title="bbox 169 614 1717 3712">
     <span class='ocr_line' id='line_1_2' title="bbox 286 614 1704 723; baseline -0.002 -27"><span class='ocrx_word' id='word_1_5' title='bbox 286 619 357 709; x_wconf 90' lang='lat' dir='ltr'><strong>dit,</strong></span> <span class='ocrx_word' id='word_1_6' title='bbox 375 634 414 696; x_wconf 89' lang='lat' dir='ltr'><strong>et</strong></span> <span class='ocrx_word' id='word_1_7' title='bbox 434 618 473 694; x_wconf 91' lang='lat' dir='ltr'><strong>in</strong></span> <span class='ocrx_word' id='word_1_8' title='bbox 496 644 564 697; x_wconf 85' lang='lat' dir='ltr'><strong>sua</strong></span> <span class='ocrx_word' id='word_1_9' title='bbox 584 617 687 695; x_wconf 79' lang='lat' dir='ltr'><strong>cusia</strong></span> <span class='ocrx_word' id='word_1_10' title='bbox 703 616 785 695; x_wconf 85' lang='lat' dir='ltr'><strong>fieri</strong></span> <span class='ocrx_word' id='word_1_11' title='bbox 807 616 947 696; x_wconf 78' lang='lat' dir='ltr'><strong>statuit.</strong></span> <span class='ocrx_word' id='word_1_12' title='bbox 967 615 1077 695; x_wconf 87' lang='lat' dir='ltr'><strong>Anno</strong></span> <span class='ocrx_word' id='word_1_13' title='bbox 1093 615 1207 723; x_wconf 86' lang='lat' dir='ltr'><strong>igitur</strong></span> <span class='ocrx_word' id='word_1_14' title='bbox 1226 614 1422 692; x_wconf 76' lang='lat' dir='ltr'>dominicae</span> <span class='ocrx_word' id='word_1_15' title='bbox 1438 614 1704 694; x_wconf 76' lang='lat' dir='ltr'><strong>incarnationis</strong></span> 
     </span>
     <span class='ocr_line' id='line_1_3' title="bbox 282 745 1706 856; baseline -0.001 -30"><span class='ocrx_word' id='word_1_16' title='bbox 282 748 487 829; x_wconf 83' lang='lat' dir='ltr'><strong>millesimo</strong></span> <span class='ocrx_word' id='word_1_17' title='bbox 505 773 632 838; x_wconf 62' lang='lat' dir='ltr'><strong>uass„</strong></span> <span class='ocrx_word' id='word_1_18' title='bbox 650 749 691 824; x_wconf 92' lang='lat' dir='ltr'><strong>in</strong></span> <span class='ocrx_word' id='word_1_19' title='bbox 709 747 874 854; x_wconf 85' lang='lat' dir='ltr'><strong>paschali</strong></span> <span class='ocrx_word' id='word_1_20' title='bbox 884 746 1130 838; x_wconf 80' lang='lat' dir='ltr'><strong>solennitate,</strong></span> <span class='ocrx_word' id='word_1_21' title='bbox 1146 763 1321 851; x_wconf 79' lang='lat' dir='ltr'><strong>presente</strong></span> <span class='ocrx_word' id='word_1_22' title='bbox 1335 773 1423 856; x_wconf 86' lang='lat' dir='ltr'><strong>rege</strong></span> <span class='ocrx_word' id='word_1_23' title='bbox 1435 745 1651 837; x_wconf 75' lang='lat' dir='ltr'><strong>willelmo,</strong></span> <span class='ocrx_word' id='word_1_24' title='bbox 1669 765 1706 824; x_wconf 85' lang='lat' dir='ltr'><strong>ct</strong></span> 
     </span>
     <span class='ocr_line' id='line_1_4' title="bbox 284 875 1704 987; baseline -0.001 -31"><span class='ocrx_word' id='word_1_25' title='bbox 284 881 413 987; x_wconf 84' lang='lat' dir='ltr'><strong>regina</strong></span> <span class='ocrx_word' id='word_1_26' title='bbox 436 879 636 967; x_wconf 85' lang='lat' dir='ltr'><strong>Mathilde‚</strong></span> <span class='ocrx_word' id='word_1_27' title='bbox 661 895 699 955; x_wconf 87' lang='lat' dir='ltr'><strong>et</strong></span> <span class='ocrx_word' id='word_1_28' title='bbox 718 877 806 956; x_wconf 86' lang='lat' dir='ltr'><strong>filiis</strong></span> <span class='ocrx_word' id='word_1_29' title='bbox 827 877 1009 956; x_wconf 85' lang='lat' dir='ltr'><strong>Rotbcrto</strong></span> <span class='ocrx_word' id='word_1_30' title='bbox 1029 893 1067 953; x_wconf 86' lang='lat' dir='ltr'><strong>et</strong></span> <span class='ocrx_word' id='word_1_31' title='bbox 1083 875 1302 966; x_wconf 87' lang='lat' dir='ltr'><strong>Willelmo,</strong></span> <span class='ocrx_word' id='word_1_32' title='bbox 1322 877 1405 981; x_wconf 90' lang='lat' dir='ltr'><strong>ipso</strong></span> <span class='ocrx_word' id='word_1_33' title='bbox 1419 904 1512 983; x_wconf 84' lang='lat' dir='ltr'><strong>rege</strong></span> <span class='ocrx_word' id='word_1_34' title='bbox 1527 876 1704 982; x_wconf 83' lang='lat' dir='ltr'><strong>jubente,</strong></span> 
     </span>
     <span class='ocr_line' id='line_1_5' title="bbox 284 1007 1708 1116; baseline -0.005 -26"><span class='ocrx_word' id='word_1_35' title='bbox 284 1027 491 1090; x_wconf 86' lang='lat' dir='ltr'><strong>tenuerunt</strong></span> <span class='ocrx_word' id='word_1_36' title='bbox 518 1011 592 1089; x_wconf 82' lang='lat' dir='ltr'><strong>hoc</strong></span> <span class='ocrx_word' id='word_1_37' title='bbox 613 1008 793 1116; x_wconf 88' lang='lat' dir='ltr'><strong>placitum</strong></span> <span class='ocrx_word' id='word_1_38' title='bbox 815 1036 958 1116; x_wconf 81' lang='lat' dir='ltr'><strong>magnae</strong></span> <span class='ocrx_word' id='word_1_39' title='bbox 984 1007 1215 1086; x_wconf 76' lang='lat' dir='ltr'><strong>auctoritatis</strong></span> <span class='ocrx_word' id='word_1_40' title='bbox 1238 1023 1276 1084; x_wconf 85' lang='lat' dir='ltr'><strong>et</strong></span> <span class='ocrx_word' id='word_1_41' title='bbox 1297 1007 1491 1113; x_wconf 81' lang='lat' dir='ltr'><strong>praecipuae</strong></span> <span class='ocrx_word' id='word_1_42' title='bbox 1519 1007 1708 1113; x_wconf 86' lang='lat' dir='ltr'><strong>dignitatis</strong></span> 
     </span>
     <span class='ocr_line' id='line_1_6' title="bbox 285 1135 1708 1244; baseline -0.004 -27"><span class='ocrx_word' id='word_1_43' title='bbox 285 1143 446 1220; x_wconf 82' lang='lat' dir='ltr'><strong>viritem</strong></span> <span class='ocrx_word' id='word_1_44' title='bbox 468 1142 515 1218; x_wconf 89' lang='lat' dir='ltr'><strong>de</strong></span> <span class='ocrx_word' id='word_1_45' title='bbox 533 1139 782 1219; x_wconf 84' lang='lat' dir='ltr'><strong>ecclesiastico</strong></span> <span class='ocrx_word' id='word_1_46' title='bbox 802 1166 916 1244; x_wconf 56' lang='lat' dir='ltr'><strong>wana</strong></span> <span class='ocrx_word' id='word_1_47' title='bbox 938 1137 1097 1216; x_wconf 79' lang='lat' dir='ltr'><strong>seculari</strong></span> <span class='ocrx_word' id='word_1_48' title='bbox 1115 1137 1267 1224; x_wconf 90' lang='lat' dir='ltr'><strong>ordine,</strong></span> <span class='ocrx_word' id='word_1_49' title='bbox 1289 1137 1355 1241; x_wconf 93' lang='lat' dir='ltr'><strong>qui</strong></span> <span class='ocrx_word' id='word_1_50' title='bbox 1375 1152 1483 1224; x_wconf 84' lang='lat' dir='ltr'><strong>tunc,</strong></span> <span class='ocrx_word' id='word_1_51' title='bbox 1501 1135 1708 1215; x_wconf 78' lang='lat' dir='ltr'><strong>festivitatis</strong></span> 
     </span>
     <span class='ocr_line' id='line_1_7' title="bbox 286 1265 1709 1378; baseline -0.004 -30"><span class='ocrx_word' id='word_1_52' title='bbox 286 1273 402 1378; x_wconf 87' lang='lat' dir='ltr'><strong>gratia</strong></span> <span class='ocrx_word' id='word_1_53' title='bbox 419 1271 617 1359; x_wconf 79' lang='lat' dir='ltr'><strong>invitante,</strong></span> <span class='ocrx_word' id='word_1_54' title='bbox 639 1269 688 1348; x_wconf 90' lang='lat' dir='ltr'><strong>ad</strong></span> <span class='ocrx_word' id='word_1_55' title='bbox 709 1270 852 1347; x_wconf 85' lang='lat' dir='ltr'><strong>curiam</strong></span> <span class='ocrx_word' id='word_1_56' title='bbox 870 1269 968 1377; x_wconf 82' lang='lat' dir='ltr'><strong>ragis</strong></span> <span class='ocrx_word' id='word_1_57' title='bbox 982 1283 1256 1348; x_wconf 78' lang='lat' dir='ltr'><strong>couvenerant:</strong></span> <span class='ocrx_word' id='word_1_58' title='bbox 1275 1265 1417 1344; x_wconf 87' lang='lat' dir='ltr'><strong>scilieet</strong></span> <span class='ocrx_word' id='word_1_59' title='bbox 1433 1266 1596 1344; x_wconf 90' lang='lat' dir='ltr'><strong>domnus</strong></span> <span class='ocrx_word' id='word_1_60' title='bbox 1612 1267 1709 1345; x_wconf 87' lang='lat' dir='ltr'><strong>Wil-</strong></span> 
     </span>
     <span class='ocr_line' id='line_1_8' title="bbox 287 1396 1711 1506; baseline -0.003 -28"><span class='ocrx_word' id='word_1_61' title='bbox 287 1401 425 1478; x_wconf 91' lang='lat' dir='ltr'><strong>lelmus</strong></span> <span class='ocrx_word' id='word_1_62' title='bbox 444 1400 745 1506; x_wconf 80' lang='lat' dir='ltr'><strong>archiepiscopus</strong></span> <span class='ocrx_word' id='word_1_63' title='bbox 764 1397 1064 1506; x_wconf 81' lang='lat' dir='ltr'><strong>Rotomageusis,</strong></span> <span class='ocrx_word' id='word_1_64' title='bbox 1086 1397 1266 1476; x_wconf 84' lang='lat' dir='ltr'><strong>Ricardus</strong></span> <span class='ocrx_word' id='word_1_65' title='bbox 1285 1396 1588 1502; x_wconf 84' lang='lat' dir='ltr'><strong>archiepiscopus</strong></span> <span class='ocrx_word' id='word_1_66' title='bbox 1605 1396 1711 1476; x_wconf 88' lang='lat' dir='ltr'><strong>Bitu·</strong></span> 
     </span>
     <span class='ocr_line' id='line_1_9' title="bbox 287 1526 1711 1634; baseline -0.004 -27"><span class='ocrx_word' id='word_1_67' title='bbox 287 1531 460 1617; x_wconf 88' lang='lat' dir='ltr'><strong>ricensis,</strong></span> <span class='ocrx_word' id='word_1_68' title='bbox 476 1529 738 1610; x_wconf 85' lang='lat' dir='ltr'><strong>Warmundus</strong></span> <span class='ocrx_word' id='word_1_69' title='bbox 755 1528 1055 1634; x_wconf 79' lang='lat' dir='ltr'><strong>archiepiscopus</strong></span> <span class='ocrx_word' id='word_1_70' title='bbox 1069 1528 1258 1618; x_wconf 77' lang='lat' dir='ltr'><strong>viennae1,</strong></span> <span class='ocrx_word' id='word_1_71' title='bbox 1274 1526 1501 1606; x_wconf 82' lang='lat' dir='ltr'><strong>Goeffredus</strong></span> <span class='ocrx_word' id='word_1_72' title='bbox 1515 1527 1711 1634; x_wconf 86' lang='lat' dir='ltr'><strong>episcopus</strong></span> 
     </span>
     <span class='ocr_line' id='line_1_10' title="bbox 287 1656 1712 1765; baseline -0.002 -28"><span class='ocrx_word' id='word_1_73' title='bbox 287 1661 512 1743; x_wconf 69' lang='lat' dir='ltr'><strong>Constantia</strong></span> <span class='ocrx_word' id='word_1_74' title='bbox 539 1659 663 1751; x_wconf 88' lang='lat' dir='ltr'><strong>urhis,</strong></span> <span class='ocrx_word' id='word_1_75' title='bbox 688 1657 924 1741; x_wconf 80' lang='lat' dir='ltr'><strong>Gislebertus</strong></span> <span class='ocrx_word' id='word_1_76' title='bbox 946 1659 1144 1765; x_wconf 84' lang='lat' dir='ltr'><strong>opiscopus</strong></span> <span class='ocrx_word' id='word_1_77' title='bbox 1165 1656 1401 1745; x_wconf 69' lang='lat' dir='ltr'><strong>lisiacensis,</strong></span> <span class='ocrx_word' id='word_1_78' title='bbox 1425 1658 1627 1736; x_wconf 72' lang='lat' dir='ltr'><strong>liutbertus</strong></span> <span class='ocrx_word' id='word_1_79' title='bbox 1647 1672 1712 1734; x_wconf 86' lang='lat' dir='ltr'><strong>co-</strong></span> 
     </span>
     <span class='ocr_line' id='line_1_11' title="bbox 288 1787 1709 1899; baseline -0.001 -32"><span class='ocrx_word' id='word_1_80' title='bbox 288 1819 383 1876; x_wconf 86' lang='lat' dir='ltr'><strong>mes,</strong></span> <span class='ocrx_word' id='word_1_81' title='bbox 405 1789 518 1871; x_wconf 81' lang='lat' dir='ltr'><strong>irater</strong></span> <span class='ocrx_word' id='word_1_82' title='bbox 531 1790 646 1899; x_wconf 86' lang='lat' dir='ltr'><strong>regis,</strong></span> <span class='ocrx_word' id='word_1_83' title='bbox 663 1788 866 1869; x_wconf 83' lang='lat' dir='ltr'><strong>Rotbertus</strong></span> <span class='ocrx_word' id='word_1_84' title='bbox 881 1816 1009 1867; x_wconf 83' lang='lat' dir='ltr'><strong>onmes</strong></span> <span class='ocrx_word' id='word_1_85' title='bbox 1027 1787 1075 1866; x_wconf 89' lang='lat' dir='ltr'><strong>de</strong></span> <span class='ocrx_word' id='word_1_86' title='bbox 1091 1787 1169 1880; x_wconf 92' lang='lat' dir='ltr'><strong>Ou,</strong></span> <span class='ocrx_word' id='word_1_87' title='bbox 1187 1789 1305 1867; x_wconf 87' lang='lat' dir='ltr'><strong>Wido</strong></span> <span class='ocrx_word' id='word_1_88' title='bbox 1321 1816 1447 1866; x_wconf 88' lang='lat' dir='ltr'><strong>comes</strong></span> <span class='ocrx_word' id='word_1_89' title='bbox 1460 1788 1709 1876; x_wconf 83' lang='lat' dir='ltr'><strong>Pontivensis,</strong></span> 
     </span>
     <span class='ocr_line' id='line_1_12' title="bbox 288 1917 1713 2029; baseline -0.002 -30"><span class='ocrx_word' id='word_1_90' title='bbox 288 1921 471 2029; x_wconf 84' lang='lat' dir='ltr'><strong>Rogcrius</strong></span> <span class='ocrx_word' id='word_1_91' title='bbox 492 1921 541 1997; x_wconf 91' lang='lat' dir='ltr'><strong>de</strong></span> <span class='ocrx_word' id='word_1_92' title='bbox 561 1918 814 2007; x_wconf 89' lang='lat' dir='ltr'><strong>Bellomonte,</strong></span> <span class='ocrx_word' id='word_1_93' title='bbox 834 1934 873 1995; x_wconf 86' lang='lat' dir='ltr'><strong>et</strong></span> <span class='ocrx_word' id='word_1_94' title='bbox 891 1917 961 1995; x_wconf 81' lang='lat' dir='ltr'><strong>filii</strong></span> <span class='ocrx_word' id='word_1_95' title='bbox 985 1917 1067 2026; x_wconf 64' lang='lat' dir='ltr'><strong>ajars</strong></span> <span class='ocrx_word' id='word_1_96' title='bbox 1091 1919 1293 1996; x_wconf 86' lang='lat' dir='ltr'><strong>Rotbertus</strong></span> <span class='ocrx_word' id='word_1_97' title='bbox 1308 1937 1349 1995; x_wconf 85' lang='lat' dir='ltr'><strong>et</strong></span> <span class='ocrx_word' id='word_1_98' title='bbox 1371 1920 1571 2010; x_wconf 89' lang='lat' dir='ltr'><strong>Henricus,</strong></span> <span class='ocrx_word' id='word_1_99' title='bbox 1593 1921 1713 2028; x_wconf 49' lang='lat' dir='ltr'><strong>Rogo*</strong></span> 
     </span>
     <span class='ocr_line' id='line_1_13' title="bbox 287 2046 1712 2138; baseline 0 -12"><span class='ocrx_word' id='word_1_100' title='bbox 287 2050 366 2128; x_wconf 87' lang='lat' dir='ltr'><strong>rius</strong></span> <span class='ocrx_word' id='word_1_101' title='bbox 389 2050 435 2126; x_wconf 90' lang='lat' dir='ltr'><strong>de</strong></span> <span class='ocrx_word' id='word_1_102' title='bbox 454 2050 584 2129; x_wconf 79' lang='lat' dir='ltr'><strong>Monta</strong></span> <span class='ocrx_word' id='word_1_103' title='bbox 599 2046 775 2138; x_wconf 81' lang='lat' dir='ltr'><strong>Gumeri,</strong></span> <span class='ocrx_word' id='word_1_104' title='bbox 797 2046 1005 2126; x_wconf 83' lang='lat' dir='ltr'><strong>Walterius</strong></span> <span class='ocrx_word' id='word_1_105' title='bbox 1030 2046 1229 2135; x_wconf 81' lang='lat' dir='ltr'><strong>Gilardus‚</strong></span> <span class='ocrx_word' id='word_1_106' title='bbox 1253 2047 1472 2126; x_wconf 87' lang='lat' dir='ltr'><strong>Willelmus</strong></span> <span class='ocrx_word' id='word_1_107' title='bbox 1493 2050 1540 2126; x_wconf 88' lang='lat' dir='ltr'><strong>de</strong></span> <span class='ocrx_word' id='word_1_108' title='bbox 1560 2047 1712 2134; x_wconf 79' lang='lat' dir='ltr'><strong>Archis,</strong></span> 
     </span>
     <span class='ocr_line' id='line_1_14' title="bbox 290 2175 1714 2284; baseline 0 -28"><span class='ocrx_word' id='word_1_109' title='bbox 290 2181 399 2257; x_wconf 89' lang='lat' dir='ltr'><strong>heres</strong></span> <span class='ocrx_word' id='word_1_110' title='bbox 425 2177 594 2258; x_wconf 82' lang='lat' dir='ltr'><strong>defuncti</strong></span> <span class='ocrx_word' id='word_1_111' title='bbox 616 2177 760 2256; x_wconf 85' lang='lat' dir='ltr'><strong>seilicet</strong></span> <span class='ocrx_word' id='word_1_112' title='bbox 785 2176 843 2254; x_wconf 81' lang='lat' dir='ltr'><strong>avi</strong></span> <span class='ocrx_word' id='word_1_113' title='bbox 867 2176 926 2254; x_wconf 88' lang='lat' dir='ltr'><strong>sui</strong></span> <span class='ocrx_word' id='word_1_114' title='bbox 961 2175 1150 2268; x_wconf 83' lang='lat' dir='ltr'><strong>Goaelini,</strong></span> <span class='ocrx_word' id='word_1_115' title='bbox 1186 2178 1251 2283; x_wconf 90' lang='lat' dir='ltr'><strong>qui</strong></span> <span class='ocrx_word' id='word_1_116' title='bbox 1276 2176 1465 2284; x_wconf 78' lang='lat' dir='ltr'><strong>praefatam</strong></span> <span class='ocrx_word' id='word_1_117' title='bbox 1491 2195 1630 2256; x_wconf 84' lang='lat' dir='ltr'><strong>terram</strong></span> <span class='ocrx_word' id='word_1_118' title='bbox 1656 2180 1714 2256; x_wconf 80' lang='lat' dir='ltr'><strong>in·</strong></span> 
     </span>
     <span class='ocr_line' id='line_1_15' title="bbox 293 2307 1711 2418; baseline -0.002 -31"><span class='ocrx_word' id='word_1_119' title='bbox 293 2310 384 2387; x_wconf 71' lang='lat' dir='ltr'><strong>sulm</strong></span> <span class='ocrx_word' id='word_1_120' title='bbox 415 2308 573 2388; x_wconf 80' lang='lat' dir='ltr'><strong>dederat</strong></span> <span class='ocrx_word' id='word_1_121' title='bbox 603 2309 745 2388; x_wconf 61' lang='lat' dir='ltr'><strong>&amp;uuae</strong></span> <span class='ocrx_word' id='word_1_122' title='bbox 771 2307 965 2399; x_wconf 82' lang='lat' dir='ltr'><strong>Trinitati,</strong></span> <span class='ocrx_word' id='word_1_123' title='bbox 996 2325 1036 2386; x_wconf 85' lang='lat' dir='ltr'><strong>et</strong></span> <span class='ocrx_word' id='word_1_124' title='bbox 1069 2324 1201 2387; x_wconf 85' lang='lat' dir='ltr'><strong>omnes</strong></span> <span class='ocrx_word' id='word_1_125' title='bbox 1229 2309 1437 2386; x_wconf 77' lang='lat' dir='ltr'><strong>nobiliores</strong></span> <span class='ocrx_word' id='word_1_126' title='bbox 1463 2311 1576 2386; x_wconf 83' lang='lat' dir='ltr'><strong>curiae</strong></span> <span class='ocrx_word' id='word_1_127' title='bbox 1601 2311 1711 2418; x_wconf 77' lang='lat' dir='ltr'><strong>regis</strong></span> 
     </span>
     <span class='ocr_line' id='line_1_16' title="bbox 169 2423 1712 2547; baseline -0.001 -31"><span class='ocrx_word' id='word_1_128' title='bbox 169 2456 173 2462; x_wconf 84' lang='grc'><strong>’</strong></span> <span class='ocrx_word' id='word_1_129' title='bbox 290 2442 364 2534; x_wconf 89' lang='lat' dir='ltr'><strong>Qui</strong></span> <span class='ocrx_word' id='word_1_130' title='bbox 385 2439 577 2547; x_wconf 86' lang='lat' dir='ltr'><strong>predictus</strong></span> <span class='ocrx_word' id='word_1_131' title='bbox 591 2438 823 2532; x_wconf 91' lang='lat' dir='ltr'><strong>Willelmus,</strong></span> <span class='ocrx_word' id='word_1_132' title='bbox 835 2437 984 2545; x_wconf 86' lang='lat' dir='ltr'><strong>judicio</strong></span> <span class='ocrx_word' id='word_1_133' title='bbox 998 2438 1137 2545; x_wconf 80' lang='lat' dir='ltr'><strong>placiti,</strong></span> <span class='ocrx_word' id='word_1_134' title='bbox 1153 2439 1202 2516; x_wconf 91' lang='lat' dir='ltr'><strong>ad</strong></span> <span class='ocrx_word' id='word_1_135' title='bbox 1217 2423 1520 2518; x_wconf 82' lang='lat' dir='ltr'><strong>satisfaciendum</strong></span> <span class='ocrx_word' id='word_1_136' title='bbox 1532 2440 1712 2545; x_wconf 79' lang='lat' dir='ltr'><strong>episcopo</strong></span> 
     </span>
     <span class='ocr_line' id='line_1_17' title="bbox 291 2566 1711 2675; baseline -0.001 -29"><span class='ocrx_word' id='word_1_137' title='bbox 291 2587 328 2646; x_wconf 86' lang='lat' dir='ltr'><strong>et</strong></span> <span class='ocrx_word' id='word_1_138' title='bbox 345 2570 616 2647; x_wconf 85' lang='lat' dir='ltr'><strong>dissentionem</strong></span> <span class='ocrx_word' id='word_1_139' title='bbox 629 2570 780 2674; x_wconf 87' lang='lat' dir='ltr'><strong>penitus</strong></span> <span class='ocrx_word' id='word_1_140' title='bbox 792 2566 1033 2656; x_wconf 84' lang='lat' dir='ltr'><strong>abolendam,</strong></span> <span class='ocrx_word' id='word_1_141' title='bbox 1050 2569 1152 2645; x_wconf 84' lang='lat' dir='ltr'><strong>avitae</strong></span> <span class='ocrx_word' id='word_1_142' title='bbox 1168 2569 1384 2647; x_wconf 91' lang='lat' dir='ltr'><strong>donationis</strong></span> <span class='ocrx_word' id='word_1_143' title='bbox 1400 2571 1505 2646; x_wconf 89' lang='lat' dir='ltr'><strong>testis</strong></span> <span class='ocrx_word' id='word_1_144' title='bbox 1516 2569 1711 2675; x_wconf 88' lang='lat' dir='ltr'><strong>processit,</strong></span> 
     </span>
     <span class='ocr_line' id='line_1_18' title="bbox 292 2696 1715 2825; baseline -0.003 -47"><span class='ocrx_word' id='word_1_145' title='bbox 292 2719 330 2778; x_wconf 92' lang='lat' dir='ltr'><strong>et</strong></span> <span class='ocrx_word' id='word_1_146' title='bbox 345 2698 594 2809; x_wconf 87' lang='lat' dir='ltr'><strong>jurejurando</strong></span> <span class='ocrx_word' id='word_1_147' title='bbox 619 2697 841 2777; x_wconf 86' lang='lat' dir='ltr'><strong>confirmare</strong></span> <span class='ocrx_word' id='word_1_148' title='bbox 864 2712 1048 2825; x_wconf 82' lang='lat' dir='ltr'><strong>paratus</strong></span> <span class='ocrx_word' id='word_1_149' title='bbox 1036 2696 1125 2794; x_wconf 79' lang='lat' dir='ltr'><strong>fuit,</strong></span> <span class='ocrx_word' id='word_1_150' title='bbox 1149 2699 1252 2806; x_wconf 80' lang='lat' dir='ltr'><strong>quia,</strong></span> <span class='ocrx_word' id='word_1_151' title='bbox 1279 2699 1415 2806; x_wconf 90' lang='lat' dir='ltr'><strong>ipsa</strong></span> <span class='ocrx_word' id='word_1_152' title='bbox 1380 2699 1455 2777; x_wconf 88' lang='lat' dir='ltr'><strong>die</strong></span> <span class='ocrx_word' id='word_1_153' title='bbox 1466 2716 1503 2775; x_wconf 90' lang='lat' dir='ltr'><strong>et</strong></span> <span class='ocrx_word' id='word_1_154' title='bbox 1525 2698 1618 2775; x_wconf 89' lang='lat' dir='ltr'><strong>hora</strong></span> <span class='ocrx_word' id='word_1_155' title='bbox 1641 2728 1715 2805; x_wconf 93' lang='lat' dir='ltr'><strong>qua</strong></span> 
     </span>
     <span class='ocr_line' id='line_1_19' title="bbox 292 2795 1714 2935; baseline -0.003 -28"><span class='ocrx_word' id='word_1_156' title='bbox 292 2831 388 2907; x_wconf 89' lang='lat' dir='ltr'><strong>hauc</strong></span> <span class='ocrx_word' id='word_1_157' title='bbox 409 2848 548 2907; x_wconf 89' lang='lat' dir='ltr'><strong>terram</strong></span> <span class='ocrx_word' id='word_1_158' title='bbox 573 2827 717 2907; x_wconf 86' lang='lat' dir='ltr'><strong>Sanctae</strong></span> <span class='ocrx_word' id='word_1_159' title='bbox 745 2827 957 2911; x_wconf 84' lang='lat' dir='ltr'><strong>Trinitati</strong></span> <span class='ocrx_word' id='word_1_160' title='bbox 946 2856 1042 2935; x_wconf 74' lang='lat' dir='ltr'><strong>apae</strong></span> <span class='ocrx_word' id='word_1_161' title='bbox 1037 2795 1258 2915; x_wconf 71' lang='lat' dir='ltr'><strong>docelinus</strong></span> <span class='ocrx_word' id='word_1_162' title='bbox 1283 2800 1457 2917; x_wconf 84' lang='lat' dir='ltr'><strong>dederat,</strong></span> <span class='ocrx_word' id='word_1_163' title='bbox 1485 2828 1603 2907; x_wconf 87' lang='lat' dir='ltr'><strong>libera</strong></span> <span class='ocrx_word' id='word_1_164' title='bbox 1632 2857 1714 2904; x_wconf 91' lang='lat' dir='ltr'><strong>eam</strong></span> 
     </span>
     <span class='ocr_line' id='line_1_20' title="bbox 292 2957 1715 3064; baseline 0 -30"><span class='ocrx_word' id='word_1_165' title='bbox 292 2976 332 3034; x_wconf 86' lang='lat' dir='ltr'><strong>et</strong></span> <span class='ocrx_word' id='word_1_166' title='bbox 352 2959 522 3038; x_wconf 85' lang='lat' dir='ltr'><strong>absolute</strong></span> <span class='ocrx_word' id='word_1_167' title='bbox 550 2988 619 3037; x_wconf 89' lang='lat' dir='ltr'><strong>sua</strong></span> <span class='ocrx_word' id='word_1_168' title='bbox 643 2958 793 3035; x_wconf 87' lang='lat' dir='ltr'><strong>dicione</strong></span> <span class='ocrx_word' id='word_1_169' title='bbox 816 2957 1043 3064; x_wconf 76' lang='lat' dir='ltr'><strong>possidebat.</strong></span> <span class='ocrx_word' id='word_1_170' title='bbox 1069 2959 1179 3035; x_wconf 89' lang='lat' dir='ltr'><strong>Tunc</strong></span> <span class='ocrx_word' id='word_1_171' title='bbox 1209 2959 1384 3064; x_wconf 86' lang='lat' dir='ltr'><strong>episcopo</strong></span> <span class='ocrx_word' id='word_1_172' title='bbox 1413 2958 1566 3036; x_wconf 82' lang='lat' dir='ltr'><strong>nolente</strong></span> <span class='ocrx_word' id='word_1_173' title='bbox 1598 2987 1715 3035; x_wconf 89' lang='lat' dir='ltr'><strong>sacra-</strong></span> 
     </span>
     <span class='ocr_line' id='line_1_21' title="bbox 292 3087 1717 3196; baseline 0 -32"><span class='ocrx_word' id='word_1_174' title='bbox 292 3105 464 3165; x_wconf 85' lang='lat' dir='ltr'><strong>mentum</strong></span> <span class='ocrx_word' id='word_1_175' title='bbox 494 3090 676 3194; x_wconf 88' lang='lat' dir='ltr'><strong>recipere,</strong></span> <span class='ocrx_word' id='word_1_176' title='bbox 706 3089 816 3196; x_wconf 88' lang='lat' dir='ltr'><strong>jussu</strong></span> <span class='ocrx_word' id='word_1_177' title='bbox 839 3087 945 3196; x_wconf 15' lang='lat' dir='ltr'><strong>regis*</strong></span> <span class='ocrx_word' id='word_1_178' title='bbox 968 3102 1007 3169; x_wconf 83' lang='lat' dir='ltr'><strong>et</strong></span> <span class='ocrx_word' id='word_1_179' title='bbox 1033 3087 1253 3166; x_wconf 85' lang='lat' dir='ltr'><strong>auctoritate</strong></span> <span class='ocrx_word' id='word_1_180' title='bbox 1284 3105 1340 3166; x_wconf 85' lang='lat' dir='ltr'><strong>est</strong></span> <span class='ocrx_word' id='word_1_181' title='bbox 1366 3088 1648 3181; x_wconf 86' lang='lat' dir='ltr'><strong>confirmatum,</strong></span> <span class='ocrx_word' id='word_1_182' title='bbox 1679 3105 1717 3164; x_wconf 88' lang='lat' dir='ltr'><strong>et</strong></span> 
     </span>
     <span class='ocr_line' id='line_1_22' title="bbox 292 3216 1716 3330; baseline 0.001 -37"><span class='ocrx_word' id='word_1_183' title='bbox 292 3218 338 3293; x_wconf 90' lang='lat' dir='ltr'><strong>ab</strong></span> <span class='ocrx_word' id='word_1_184' title='bbox 362 3219 540 3297; x_wconf 92' lang='lat' dir='ltr'><strong>omnibus</strong></span> <span class='ocrx_word' id='word_1_185' title='bbox 563 3218 629 3330; x_wconf 85' lang='lat' dir='ltr'><strong>qui</strong></span> <span class='ocrx_word' id='word_1_186' title='bbox 655 3217 810 3299; x_wconf 82' lang='lat' dir='ltr'><strong>aderant</strong></span> <span class='ocrx_word' id='word_1_187' title='bbox 827 3216 1023 3326; x_wconf 61' lang='lat' dir='ltr'><strong>judicibus</strong></span> <span class='ocrx_word' id='word_1_188' title='bbox 1044 3219 1124 3326; x_wconf 87' lang='lat' dir='ltr'><strong>jam</strong></span> <span class='ocrx_word' id='word_1_189' title='bbox 1151 3218 1324 3326; x_wconf 89' lang='lat' dir='ltr'><strong>superius</strong></span> <span class='ocrx_word' id='word_1_190' title='bbox 1350 3220 1566 3297; x_wconf 89' lang='lat' dir='ltr'><strong>memoratis</strong></span> <span class='ocrx_word' id='word_1_191' title='bbox 1589 3221 1716 3295; x_wconf 84' lang='lat' dir='ltr'><strong>decre-</strong></span> 
     </span>
     <span class='ocr_line' id='line_1_23' title="bbox 291 3334 1716 3454; baseline 0.001 -30"><span class='ocrx_word' id='word_1_192' title='bbox 291 3366 374 3426; x_wconf 88' lang='lat' dir='ltr'><strong>tum</strong></span> <span class='ocrx_word' id='word_1_193' title='bbox 397 3365 434 3424; x_wconf 87' lang='lat' dir='ltr'><strong>et</strong></span> <span class='ocrx_word' id='word_1_194' title='bbox 457 3347 679 3437; x_wconf 85' lang='lat' dir='ltr'><strong>diffinitum,</strong></span> <span class='ocrx_word' id='word_1_195' title='bbox 700 3364 745 3428; x_wconf 90' lang='lat' dir='ltr'><strong>ut</strong></span> <span class='ocrx_word' id='word_1_196' title='bbox 767 3347 976 3454; x_wconf 80' lang='lat' dir='ltr'><strong>predictum</strong></span> <span class='ocrx_word' id='word_1_197' title='bbox 999 3334 1349 3437; x_wconf 80' lang='lat' dir='ltr'><strong>insulamOsceIIi.</strong></span> <span class='ocrx_word' id='word_1_198' title='bbox 1375 3377 1458 3454; x_wconf 86' lang='lat' dir='ltr'><strong>quae</strong></span> <span class='ocrx_word' id='word_1_199' title='bbox 1482 3349 1716 3425; x_wconf 79' lang='lat' dir='ltr'><strong>Torhulmus</strong></span> 
     </span>
     <span class='ocr_line' id='line_1_24' title="bbox 293 3477 1715 3568; baseline 0 -16"><span class='ocrx_word' id='word_1_200' title='bbox 293 3478 441 3568; x_wconf 89' lang='lat' dir='ltr'><strong>dicitur,</strong></span> <span class='ocrx_word' id='word_1_201' title='bbox 462 3480 577 3557; x_wconf 90' lang='lat' dir='ltr'><strong>abbas</strong></span> <span class='ocrx_word' id='word_1_202' title='bbox 594 3478 801 3557; x_wconf 88' lang='lat' dir='ltr'><strong>Walterius</strong></span> <span class='ocrx_word' id='word_1_203' title='bbox 821 3495 859 3554; x_wconf 89' lang='lat' dir='ltr'><strong>et</strong></span> <span class='ocrx_word' id='word_1_204' title='bbox 883 3478 1057 3556; x_wconf 90' lang='lat' dir='ltr'><strong>monachi</strong></span> <span class='ocrx_word' id='word_1_205' title='bbox 1082 3478 1224 3554; x_wconf 81' lang='lat' dir='ltr'><strong>Sanotae</strong></span> <span class='ocrx_word' id='word_1_206' title='bbox 1244 3477 1437 3555; x_wconf 86' lang='lat' dir='ltr'><strong>Trinitatis</strong></span> <span class='ocrx_word' id='word_1_207' title='bbox 1459 3479 1592 3555; x_wconf 78' lang='lat' dir='ltr'><strong>exinde</strong></span> <span class='ocrx_word' id='word_1_208' title='bbox 1612 3480 1715 3553; x_wconf 91' lang='lat' dir='ltr'><strong>omni</strong></span> 
     </span>
     <span class='ocr_line' id='line_1_25' title="bbox 293 3606 1066 3712; baseline -0.001 -30"><span class='ocrx_word' id='word_1_209' title='bbox 293 3625 464 3712; x_wconf 87' lang='lat' dir='ltr'><strong>tempore</strong></span> <span class='ocrx_word' id='word_1_210' title='bbox 486 3606 606 3686; x_wconf 89' lang='lat' dir='ltr'><strong>libere</strong></span> <span class='ocrx_word' id='word_1_211' title='bbox 630 3626 668 3685; x_wconf 85' lang='lat' dir='ltr'><strong>et</strong></span> <span class='ocrx_word' id='word_1_212' title='bbox 689 3606 860 3683; x_wconf 88' lang='lat' dir='ltr'><strong>absolute</strong></span> <span class='ocrx_word' id='word_1_213' title='bbox 882 3624 1066 3683; x_wconf 85' lang='lat' dir='ltr'><strong>tenerent.</strong></span> 
     </span>
    </p>
   </div>
   <div class='ocr_carea' id='block_1_3' title="bbox 461 3788 1718 4176">
    <p class='ocr_par' dir='ltr' id='par_1_3' title="bbox 461 3788 1718 4176">
     <span class='ocr_line' id='line_1_26' title="bbox 461 3788 1716 3873; baseline 0.001 -23"><span class='ocrx_word' id='word_1_214' title='bbox 461 3789 586 3871; x_wconf 84' lang='lat' dir='ltr'><strong>Signum</strong></span> <span class='ocrx_word' id='word_1_215' title='bbox 604 3790 776 3857; x_wconf 79' lang='lat' dir='ltr'><strong>Wrmnnur,</strong></span> <span class='ocrx_word' id='word_1_216' title='bbox 796 3789 881 3872; x_wconf 86' lang='lat' dir='ltr'><strong>regis.</strong></span> <span class='ocrx_word' id='word_1_217' title='bbox 905 3788 1031 3873; x_wconf 82' lang='lat' dir='ltr'><strong>Signum</strong></span> <span class='ocrx_word' id='word_1_218' title='bbox 1052 3790 1239 3858; x_wconf 81' lang='lat' dir='ltr'><strong>Marsums,</strong></span> <span class='ocrx_word' id='word_1_219' title='bbox 1263 3792 1378 3872; x_wconf 78' lang='lat' dir='ltr'><strong>reginae.</strong></span> <span class='ocrx_word' id='word_1_220' title='bbox 1400 3793 1525 3873; x_wconf 85' lang='lat' dir='ltr'><strong>Signum</strong></span> <span class='ocrx_word' id='word_1_221' title='bbox 1549 3792 1716 3858; x_wconf 81' lang='lat' dir='ltr'><strong>Rorssarr;</strong></span> 
     </span>
     <span class='ocr_line' id='line_1_27' title="bbox 503 3889 1718 3978; baseline -0.001 -25"><span class='ocrx_word' id='word_1_222' title='bbox 503 3892 627 3973; x_wconf 85' lang='lat' dir='ltr'><strong>Signum</strong></span> <span class='ocrx_word' id='word_1_223' title='bbox 640 3891 812 3960; x_wconf 81' lang='lat' dir='ltr'><strong>Wunsntu,</strong></span> <span class='ocrx_word' id='word_1_224' title='bbox 827 3889 965 3954; x_wconf 84' lang='lat' dir='ltr'><strong>filiorum.</strong></span> <span class='ocrx_word' id='word_1_225' title='bbox 981 3892 1107 3976; x_wconf 86' lang='lat' dir='ltr'><strong>Signum</strong></span> <span class='ocrx_word' id='word_1_226' title='bbox 1117 3892 1293 3963; x_wconf 82' lang='lat' dir='ltr'><strong>Wunanm,</strong></span> <span class='ocrx_word' id='word_1_227' title='bbox 1306 3892 1522 3978; x_wconf 84' lang='lat' dir='ltr'><strong>archiepiscopi.</strong></span> <span class='ocrx_word' id='word_1_228' title='bbox 1536 3893 1660 3976; x_wconf 90' lang='lat' dir='ltr'><strong>Signum</strong></span> <span class='ocrx_word' id='word_1_229' title='bbox 1671 3893 1718 3953; x_wconf 85' lang='lat' dir='ltr'><strong>Ri-</strong></span> 
     </span>
     <span class='ocr_line' id='line_1_28' title="bbox 505 3990 1715 4079; baseline 0.002 -26"><span class='ocrx_word' id='word_1_230' title='bbox 505 4012 606 4061; x_wconf 85' lang='lat' dir='ltr'><strong>carm,</strong></span> <span class='ocrx_word' id='word_1_231' title='bbox 617 3990 834 4075; x_wconf 86' lang='lat' dir='ltr'><strong>archiepiscopi.</strong></span> <span class='ocrx_word' id='word_1_232' title='bbox 844 3990 968 4077; x_wconf 86' lang='lat' dir='ltr'><strong>Signum</strong></span> <span class='ocrx_word' id='word_1_233' title='bbox 976 3992 1542 4079; x_wconf 76' lang='lat' dir='ltr'><strong>Waauuaus,archiepiscopi.,signum</strong></span> <span class='ocrx_word' id='word_1_234' title='bbox 1550 3996 1715 4065; x_wconf 79' lang='lat' dir='ltr'><strong>Roasaarr,</strong></span> 
     </span>
     <span class='ocr_line' id='line_1_29' title="bbox 504 4092 1328 4176; baseline 0.004 -20"><span class='ocrx_word' id='word_1_235' title='bbox 504 4095 598 4159; x_wconf 79' lang='lat' dir='ltr'><strong>frenis</strong></span> <span class='ocrx_word' id='word_1_236' title='bbox 613 4096 698 4176; x_wconf 64' lang='lat' dir='ltr'><strong>reg&#39;s</strong></span> <span class='ocrx_word' id='word_1_237' title='bbox 711 4092 837 4175; x_wconf 83' lang='lat' dir='ltr'><strong>Signum</strong></span> <span class='ocrx_word' id='word_1_238' title='bbox 850 4093 1006 4170; x_wconf 79' lang='lat' dir='ltr'><strong>Wanoms,</strong></span> <span class='ocrx_word' id='word_1_239' title='bbox 1020 4097 1135 4161; x_wconf 80' lang='lat' dir='ltr'><strong>comitis</strong></span> <span class='ocrx_word' id='word_1_240' title='bbox 1148 4097 1328 4162; x_wconf 79' lang='lat' dir='ltr'><strong>Pontivamis</strong></span> 
     </span>
    </p>
   </div>
   <div class='ocr_carea' id='block_1_4' title="bbox 878 4341 1125 4449">
    <p class='ocr_par' dir='ltr' id='par_1_4' title="bbox 878 4341 1125 4449">
     <span class='ocr_line' id='line_1_30' title="bbox 878 4341 1125 4449; baseline -0.004 -30"><span class='ocrx_word' id='word_1_241' title='bbox 878 4341 1125 4449; x_wconf 76' lang='lat' dir='ltr'><strong>taxans.</strong></span> 
     </span>
    </p>
   </div>
   <div class='ocr_carea' id='block_1_5' title="bbox 348 4531 1717 4646">
    <p class='ocr_par' dir='ltr' id='par_1_5' title="bbox 348 4531 1717 4646">
     <span class='ocr_line' id='line_1_31' title="bbox 348 4531 1717 4646; baseline 0.005 -38"><span class='ocrx_word' id='word_1_242' title='bbox 348 4534 488 4610; x_wconf 88' lang='lat' dir='ltr'><strong>Notum</strong></span> <span class='ocrx_word' id='word_1_243' title='bbox 500 4532 548 4610; x_wconf 92' lang='lat' dir='ltr'><strong>sit</strong></span> <span class='ocrx_word' id='word_1_244' title='bbox 559 4531 701 4609; x_wconf 85' lang='lat' dir='ltr'><strong>eunctis</strong></span> <span class='ocrx_word' id='word_1_245' title='bbox 715 4532 905 4624; x_wconf 80' lang='lat' dir='ltr'><strong>fidelibus,</strong></span> <span class='ocrx_word' id='word_1_246' title='bbox 919 4533 1082 4642; x_wconf 88' lang='lat' dir='ltr'><strong>qualiter</strong></span> <span class='ocrx_word' id='word_1_247' title='bbox 1094 4536 1279 4615; x_wconf 89' lang='lat' dir='ltr'><strong>decimam</strong></span> <span class='ocrx_word' id='word_1_248' title='bbox 1291 4537 1462 4618; x_wconf 87' lang='lat' dir='ltr'><strong>Ausfredi</strong></span> <span class='ocrx_word' id='word_1_249' title='bbox 1474 4536 1591 4627; x_wconf 88' lang='lat' dir='ltr'><strong>Villae,</strong></span> <span class='ocrx_word' id='word_1_250' title='bbox 1605 4569 1717 4646; x_wconf 86' lang='lat' dir='ltr'><strong>quarn</strong></span> 
     </span>
    </p>
   </div>
   <div class='ocr_carea' id='block_1_6' title="bbox 299 4714 1717 4886">
    <p class='ocr_par' dir='ltr' id='par_1_6' title="bbox 299 4714 1717 4886">
     <span class='ocr_line' id='line_1_32' title="bbox 342 4714 1717 4806; baseline 0.007 -31"><span class='ocrx_word' id='word_1_251' title='bbox 342 4714 349 4744; x_wconf 87' lang='lat'><strong>¹</strong></span> <span class='ocrx_word' id='word_1_252' title='bbox 372 4716 539 4776; x_wconf 88' lang='lat' dir='ltr'><strong>Notandum</strong></span> <span class='ocrx_word' id='word_1_253' title='bbox 565 4729 608 4777; x_wconf 86' lang='lat' dir='ltr'><strong>est</strong></span> <span class='ocrx_word' id='word_1_254' title='bbox 637 4717 867 4803; x_wconf 78' lang='lat' dir='ltr'><strong>archiepiscopos</strong></span> <span class='ocrx_word' id='word_1_255' title='bbox 888 4732 979 4781; x_wconf 84' lang='lat' dir='ltr'><strong>extra·</strong></span> <span class='ocrx_word' id='word_1_256' title='bbox 1037 4742 1114 4792; x_wconf 83' lang='lat' dir='ltr'><strong>sem,</strong></span> <span class='ocrx_word' id='word_1_257' title='bbox 1134 4723 1234 4784; x_wconf 84' lang='lat' dir='ltr'><strong>adesse</strong></span> <span class='ocrx_word' id='word_1_258' title='bbox 1255 4723 1371 4806; x_wconf 82' lang='lat' dir='ltr'><strong>judices</strong></span> <span class='ocrx_word' id='word_1_259' title='bbox 1395 4726 1425 4783; x_wconf 91' lang='lat' dir='ltr'><strong>in</strong></span> <span class='ocrx_word' id='word_1_260' title='bbox 1449 4724 1554 4806; x_wconf 88' lang='lat' dir='ltr'><strong>placito</strong></span> <span class='ocrx_word' id='word_1_261' title='bbox 1576 4725 1717 4784; x_wconf 81' lang='lat' dir='ltr'><strong>Norman-</strong></span> 
     </span>
     <span class='ocr_line' id='line_1_33' title="bbox 299 4818 1112 4886; baseline 0.009 -9"><span class='ocrx_word' id='word_1_262' title='bbox 299 4837 383 4886; x_wconf 78' lang='lat' dir='ltr'><strong>neos,</strong></span> <span class='ocrx_word' id='word_1_263' title='bbox 409 4818 517 4879; x_wconf 80' lang='lat' dir='ltr'><strong>scdicat</strong></span> <span class='ocrx_word' id='word_1_264' title='bbox 540 4820 737 4882; x_wconf 75' lang='lat' dir='ltr'><strong>Viennensem</strong></span> <span class='ocrx_word' id='word_1_265' title='bbox 761 4842 794 4882; x_wconf 84' lang='lat' dir='ltr'><strong>ac</strong></span> <span class='ocrx_word' id='word_1_266' title='bbox 819 4822 980 4884; x_wconf 73' lang='lat' dir='ltr'><strong>Bituricus·</strong></span> <span class='ocrx_word' id='word_1_267' title='bbox 1037 4824 1112 4884; x_wconf 86' lang='lat' dir='ltr'><strong>uico</strong></span> 
     </span>
    </p>
   </div>
   <div class='ocr_carea' id='block_1_7' title="bbox 0 0 2220 5844">
    <p class='ocr_par' dir='ltr' id='par_1_7' title="bbox 0 0 2220 5844">
     <span class='ocr_line' id='line_1_34' title="bbox 0 0 2220 5844; baseline 0 0"><span class='ocrx_word' id='word_1_268' title='bbox 0 0 2220 5844; x_wconf 95' lang='lat' dir='ltr'><strong> </strong></span> 
     </span>
    </p>
   </div>
  </div>
 </body>
</html>
