4478 5842
460 473 582 548 PARS
609 473 811 546 TERTIA.
828 514 880 528 —
898 471 1334 547 CONTINUATORES
1361 474 1586 548 SlMONlS.
1660 478 1732 547 327

988 712 1056 786 vl.

650 898 689 939 DE
712 896 912 939 suranamoutt
933 896 1056 939 nornen
1079 896 1211 940 acosma
1232 896 1398 939 omnnem.

367 1079 465 1156 Infra
484 1077 684 1155 biennium
696 1076 841 1182 itaque,
864 1074 922 1150 vel
937 1102 1071 1182 parum
1088 1074 1265 1180 amplius,
1284 1074 1391 1180 quod
1405 1074 1527 1166 dictu,
1551 1106 1598 1153 ne
1615 1079 1735 1155 dicam

299 1212 429 1301 lactu,
443 1206 615 1286 mirabile
629 1223 725 1295 erat,
742 1206 971 1314 cunctisque
986 1205 1083 1314 ignis
1096 1222 1396 1310 consumpserat,
1413 1206 1534 1283 multo
1545 1209 1738 1285 venustius

309 1369 423 1449 quam
449 1355 534 1415 ante
554 1336 706 1415 lucrant
724 1337 919 1443 reparatis,
941 1337 1053 1414 tertio
1074 1364 1193 1428 anno,
1219 1337 1267 1412 ad
1287 1335 1525 1413 festivitatem
1551 1337 1733 1415 Omnium

127 1496 130 1503 ·
258 1491 264 1503 ¹
311 1472 551 1560 Sanctorum,
569 1466 722 1545 abbates
743 1484 780 1543 et
794 1464 1027 1545 venerabiles
1044 1467 1142 1543 viros
1157 1465 1333 1557 invitans,
1351 1463 1466 1557 filios,
1489 1466 1554 1571 qui
1578 1465 1735 1572 dispersi

311 1618 433 1687 erant,
451 1599 499 1676 ad
514 1600 639 1676 sinum
654 1597 784 1675 matris
801 1616 967 1686 revocat3
988 1613 1189 1705 peroptans
1205 1596 1244 1673 in
1261 1596 1314 1673 eis
1328 1625 1441 1703 opere
1461 1596 1610 1702 impleri
1631 1599 1734 1704 quod

310 1714 429 1808 inille
445 1729 642 1809 festivitate
660 1757 750 1806 voce
770 1728 867 1806 solet
890 1728 1078 1806 decantari
1101 1728 1166 1805 :In
1188 1729 1330 1805 consilio
1344 1731 1517 1831 justornm
1540 1744 1575 1805 et
1595 1758 1738 1833 conpre-

308 1870 449 1969 9ctiooe'
469 1890 595 1967 mapsa
616 1890 721 1966 opera
741 1862 892 1938 Domini.
913 1861 961 1936 Ut
980 1860 1095 1966 igitur
1110 1858 1249 1964 posteri
1273 1858 1483 1937 luctuosam
1505 1859 1606 1935 exitii
1628 1854 1738 1937 deso-

310 1993 492 2070 lationem
518 2009 557 2067 et
580 1989 825 2068 revocationis
849 2017 916 2066 sue
941 1987 1167 2066 hodiernam
1194 1987 1492 2065 consolationem
1518 1992 1739 2066 memoriter

310 2139 484 2212 teneant,
502 2120 696 2199 constituit
715 2120 818 2197 idem
833 2117 1057 2197 venerabilis
1078 2117 1192 2195 abbas
1211 2118 1285 2198 hoc
1303 2116 1443 2197 festum
1465 2118 1513 2193 de
1534 2136 1677 2208 cetero,
1695 2139 1737 2196 ut
1855 2196 1858 2203 ,

311 2253 413 2330 diem
432 2253 514 2330 dive
531 2250 745 2342 nativitatis,
768 2250 908 2328 debere
923 2249 1186 2355 sollempniter
1201 2249 1400 2338 celebrari,
1419 2247 1547 2324 electis
1561 2249 1608 2324 ad
1626 2249 1737 2326 deco-

310 2385 471 2460 randum
494 2382 633 2461 festum
658 2381 838 2457 dulcioris
854 2381 1023 2457 armonie
1047 2378 1309 2486 responsoriis,
1336 2397 1374 2456 et
1392 2377 1638 2486 quibusdam,
1660 2409 1735 2489 que

311 2512 569 2592 Cluniacensis
589 2510 683 2607 ordo
705 2513 979 2603 decantaverat,
1001 2511 1260 2616 pretermissis.
1357 2603 1360 2609 Ι

913 2762 916 2767 ’
981 2768 1076 2843 vlt.

429 2951 575 3003 Qunstrsstt
597 2950 751 3000 usuardus,
774 2948 932 2992 Arteman!
956 2951 1026 3000 REX,
1049 2950 1204 2993 umbram!
1226 2950 1361 2994 NOSTRA!
1384 2906 1610 3001 cntuurrtlawr.

234 3162 243 3175 -
366 3115 497 3190 Postea
524 3140 638 3219 quam
661 3111 847 3189 Henricus
862 3111 1063 3217 Stephani,
1089 3111 1188 3220 regis
1206 3102 1437 3220 Anglorum,¹
1464 3142 1656 3192 successor
1679 3145 1738 3190 ex·

253 3299 264 3315 .
310 3244 419 3334 stitit,
437 3242 639 3323 Willelmo
653 3243 810 3348 Yprensi
827 3259 866 3320 et
884 3240 1041 3320 ecclesie
1057 3242 1173 3321 sancti
1191 3241 1337 3321 Bertini
1355 3244 1513 3323 infestus
1531 3244 1620 3336 luit,
1641 3247 1736 3322 adeo

310 3393 369 3466 ut,
392 3376 516 3480 primo
531 3404 550 3451 a
568 3373 712 3452 finibus
729 3371 940 3481 Anglorum
961 3372 1174 3462 eliminato,
1193 3373 1301 3451 alteri
1321 3391 1440 3451 terras
1455 3375 1611 3451 ecclesie
1634 3374 1735 3451 dono

310 3504 413 3584 datas
427 3507 650 3585 subtrahere
665 3521 873 3583 conaretur.
895 3506 949 3581 Ne
965 3504 1080 3612 igitur
1095 3503 1233 3592 Leoni,
1250 3503 1329 3579 viro
1345 3505 1539 3611 religioso,
1558 3505 1733 3609 torpendi

309 3665 377 3742 per
398 3638 524 3714 ocium
550 3637 704 3714 daretur
723 3635 883 3723 occasio,
905 3634 1009 3712 idem
1029 3663 1111 3723 rex,
1134 3633 1375 3711 ecclesiarum
1397 3635 1649 3740 predictarum
1673 3664 1735 3710 oc·

310 3768 475 3858 cesione,
492 3766 745 3874 calumpniam
762 3766 937 3844 adversus
951 3764 1125 3845 abbatem
1137 3766 1340 3858 suscitavit,
1357 3793 1525 3845 asserens
1540 3766 1734 3872 quitquid,

310 3914 482 4002 tempore
498 3896 668 4003 ejusdem
682 3896 882 4001 Stephani,
905 3897 970 4001 qui
990 3914 1130 3975 terram
1151 3926 1258 3974 suam
1274 3878 1462 3976 hostiliter
1476 3916 1733 4003 occupaverat,

309 4045 456 4134 gestum
479 4045 572 4118 erat,
597 4026 780 4133 injustum
803 4053 902 4116 esse;
922 4054 993 4103 nec
1011 4025 1268 4118 Willelmum,
1293 4030 1378 4135 qui,
1400 4029 1488 4106 licet
1508 4046 1595 4135 post
1611 4047 1736 4134 tyran·

311 4185 422 4248 num,
445 4175 489 4236 ut
504 4155 670 4248 dicebat,
693 4156 732 4232 in
747 4185 864 4265 regno
883 4158 1073 4236 secundus
1093 4175 1205 4250 esset,
1231 4159 1279 4236 de
1293 4159 1408 4236 rebus
1430 4160 1614 4259 violenter
1630 4189 1737 4237 usur-

311 4289 405 4392 patis
419 4288 570 4397 aliquid
584 4315 693 4396 posse
715 4289 825 4378 dare;
847 4289 1011 4398 ideoque
1034 4307 1159 4368 totum
1180 4289 1285 4395 quod
1305 4290 1507 4367 donaverat
1526 4291 1564 4367 in
1585 4291 1734 4368 irritum

270 4438 273 4445 “
310 4422 471 4499 revocari
497 4422 649 4501 debere.
671 4422 884 4500 Protractus
906 4421 1099 4528 superbis
1127 4421 1167 4498 in
1188 4398 1383 4498 causam'a
1410 4448 1497 4531 rege
1521 4438 1561 4498 et
1575 4423 1737 4527 baroni-

309 4550 382 4630 bus
404 4555 500 4661 ejus,
529 4554 595 4659 qui
625 4568 712 4659 post
730 4552 974 4632 Willelmum
1003 4555 1051 4631 de
1077 4557 1131 4631 Lo
1159 4554 1207 4630 ad
1236 4552 1466 4631 hereditates
1496 4581 1582 4630 suas
1610 4532 1735 4630 redie-

311 4702 415 4773 runt,
432 4686 471 4762 in
491 4684 671 4791 predictis
689 4684 854 4801 ecclesiis
867 4689 931 4795 jus
949 4662 1168 4793 patronatus
1187 4685 1326 4763 merito
1344 4685 1599 4793 requirentes,
1621 4683 1736 4758 virili-
1784 4712 1799 4733 „

167 4814 192 4853 ²·
311 4832 369 4893 ter
384 4817 598 4907 resistebat,
621 4834 660 4894 et
681 4845 784 4896 nunc
803 4848 929 4925 prece,
956 4846 1059 4896 nunc
1079 4817 1219 4925 pretio,
1247 4846 1349 4895 nunc
1369 4817 1504 4897 litteris
1525 4813 1737 4921 apostolicis
1786 4864 1790 4871 ·
