4478 5842
316 495 389 566 558
664 489 1067 565 CHARTULARIUM
1097 488 1378 561 SITHIENSE.

313 635 412 740 ipso,
429 649 596 739 ceperat,
614 651 700 739 post
716 649 878 707 mortem
899 630 978 736 ejus
996 631 1179 708 internos
1198 647 1235 707 et
1253 629 1475 707 abbatissam
1493 630 1730 737 meurpen·
1846 614 1850 619 ⁵

313 794 392 841 sem
405 763 579 853 durabat3
595 762 728 839 eadem
750 760 933 837 abbatissa
952 759 1142 866 privilegia
1157 760 1355 849 comitum,
1370 760 1438 838 sed
1455 760 1592 837 nostris
1604 777 1729 865 poste·

313 896 427 981 riora,
448 891 691 978 ostendente,
708 917 867 995 perque
890 889 981 965 duas
1000 888 1130 996 garbas
1155 917 1334 967 novarum
1354 906 1555 979 terrarum,
1581 917 1657 997 que
1678 886 1727 964 de

312 1023 514 1130 paludibus
532 1021 590 1097 vel
606 1048 753 1096 recessu
769 1020 896 1109 maris,
915 1020 954 1093 in
970 1018 1173 1095 castellaria
1189 1021 1237 1096 de
1251 1019 1439 1127 Broburg,
1456 1020 1723 1103 adcrevissent,

311 1152 459 1229 volebat
477 1152 549 1227 sibi
568 1150 777 1239 vindicare,
801 1165 928 1225 contra
948 1148 1130 1256 privilegii
1150 1149 1325 1247 Balduini
1345 1150 1511 1226 Insulani
1534 1167 1722 1238 tenorem,
1773 1134 1778 1145 ’

309 1309 424 1384 super
448 1281 520 1357 hoc
542 1279 657 1357 abbas
678 1295 817 1369 noster,
843 1279 1026 1384 quamdiu
1044 1279 1149 1367 vixit,
1172 1309 1258 1357 cum
1276 1280 1443 1387 predicta
1467 1279 1649 1357 abbatissa
1662 1278 1723 1384 ju·

309 1439 395 1517 gem
419 1408 549 1485 habuit
566 1408 867 1486 controversiam.

365 1538 508 1615 Contra
530 1537 617 1615 illos
639 1538 686 1614 de
708 1536 819 1616 Claro
843 1538 1001 1615 Marisco
1026 1540 1155 1630 eciam,
1187 1541 1270 1645 qui,
1298 1542 1518 1616 auctoritate
1541 1562 1724 1616 novorum

310 1669 609 1775 privilegiorum,
626 1684 704 1743 tam
724 1666 772 1743 de
786 1665 974 1742 veteribus
992 1667 1167 1772 quamde
1184 1667 1290 1743 novis
1307 1668 1418 1744 terris
1437 1667 1601 1743 decimas
1616 1666 1726 1743 nobis

308 1797 520 1885 solvebant,
538 1795 714 1874 volebant
731 1795 894 1882 auferre,
915 1794 1115 1901 plusquam
1129 1795 1249 1872 semel
1264 1798 1421 1872 Romam
1436 1795 1556 1883 misit,
1572 1813 1651 1871 tam
1671 1794 1723 1871 ibi

308 1956 433 2005 coram
454 1927 597 2003 domno
612 1953 706 2030 papa
726 1923 954 2012 Alexandro,
968 1941 1045 1999 tam
1061 1924 1102 1999 in
1115 1941 1216 2000 terra
1234 1925 1319 2012 ista,
1336 1950 1461 2000 coram
1477 1923 1657 2031 delegatis
1662 1925 1722 2030 ju·

310 2058 470 2147 dicibus,
487 2084 566 2132 non
585 2055 666 2132 sine
679 2054 822 2160 magnis
837 2053 1008 2159 expensis
1023 2070 1062 2130 et
1074 2052 1267 2130 laboribus
1281 2051 1476 2157 placitans3
1487 2070 1527 2128 et
1534 2054 1721 2158 siquidem

307 2216 439 2292 parum
451 2185 627 2293 proiecit,
645 2183 684 2260 in
697 2184 771 2260 hoc
784 2200 910 2260 tamen
927 2184 1214 2259 commendatur
1224 2182 1329 2288 quod
1345 2207 1415 2285 pro
1428 2208 1539 2286 posse
1556 2208 1643 2271 sno,
1660 2185 1724 2288 jus

308 2316 461 2394 ecclesie
478 2344 544 2392 sue
562 2313 737 2390 omnibus
751 2311 875 2389 modis
890 2312 1059 2389 detinere
1073 2330 1111 2389 et
1125 2338 1339 2389 conservare
1359 2311 1565 2388 contendit.

362 2446 508 2522 Eodem
523 2460 711 2548 tempore,
725 2441 877 2519 ecclesia
892 2459 1017 2519 nostra
1032 2458 1172 2518 terram
1187 2441 1375 2547 quandam
1391 2441 1431 2516 in
1445 2439 1532 2517 villa
1546 2442 1594 2518 de
1611 2443 1720 2548 Sper·

306 2576 407 2665 leka,
428 2575 476 2651 ad
494 2572 739 2650 elemosinam
760 2571 1028 2677 pertinentem,
1050 2571 1233 2677 perdidit,
1256 2570 1391 2648 comite
1410 2569 1626 2648 Boloniensi
1644 2574 1722 2649 Ma-

305 2706 419 2791 theo,
440 2703 650 2780 secundum
669 2701 964 2808 recognitionem
984 2699 1102 2792 bone,
1121 2702 1239 2776 immo
1262 2716 1305 2776 ut
1322 2699 1459 2777 melius
1476 2699 1721 2807 fatena-male

306 2832 486 2922 veritatis,
503 2831 700 2907 adversum
715 2858 784 2906 nos
801 2830 1021 2908 divisionem
1037 2832 1268 2937 requirente,
1285 2844 1323 2905 et
1339 2829 1472 2906 abbate
1485 2845 1630 2921 nostro,
1643 2831 1719 2936 qui,

306 2977 349 3036 ut
365 2960 420 3034 vir
439 2958 651 3066 religiosus,
673 2958 892 3065 simpliciter
910 2960 1126 3038 ambulabat
1143 2978 1181 3038 et
1200 2959 1409 3036 secundum
1430 2986 1469 3035 se
1491 2958 1721 3037 existimabat

305 3089 484 3172 alterum,
506 3087 545 3163 in
565 3087 606 3162 id
626 3087 893 3165 consentiente.

949 3322 1080 3397 XVII.

305 3521 449 3574 Quantus
467 3519 656 3568 wlstanus,
670 3518 868 3560 assumtus
894 3518 993 3560 SANGTI
1010 3519 1173 3568 ΔῠῦΟΜΔΙῑῙ,
1194 3518 1371 3562 RECOGUOVI'}
1391 3520 1438 3570 81,
1455 3521 1554 3566 (mm
1572 3522 1718 3574 sattim,

346 3624 454 3666 contra
482 3621 643 3671 statuant,
667 3620 783 3663 lutum
804 3620 1002 3663 caunetum
1030 3622 1163 3664 eanum
1186 3622 1224 3663 nt
1244 3621 1452 3665 oamuoasm
1476 3624 1510 3664 Π
1531 3623 1719 3668 ammom

348 3726 377 3768 nt
402 3725 491 3766 REM.

360 3892 541 3971 Paludem
561 3918 712 3998 quoque
737 3891 785 3967 de
803 3890 1017 3998 Salpervinc
1039 3908 1076 3968 et
1091 3892 1204 3969 veteri
1232 3893 1461 3970 monasterio
1484 3894 1586 3972 idem
1606 3894 1719 3971 abbas

305 4028 479 4103 adversus
502 4021 744 4098 castellanum
765 4022 881 4098 sancti
901 4022 1105 4100 Audomari
1127 4022 1390 4113 Willelmum,
1414 4026 1480 4132 qui
1504 4053 1636 4103 omnes
1655 3999 1723 4131 pass

303 4156 411 4233 ludes
435 4155 475 4230 in
494 4153 624 4229 vicinia
647 4151 703 4228 sui
725 4153 833 4230 castri
861 4152 908 4228 ad
928 4151 1085 4230 feodum
1104 4181 1215 4230 snum
1235 4154 1423 4261 pertinere
1444 4154 1610 4247 dicebat,
1634 4157 1718 4234 data

303 4313 435 4392 magna
448 4283 610 4389 pecunie
624 4282 846 4388 quantitate,
864 4308 943 4358 non
956 4297 1034 4358 tam
1054 4282 1217 4359 detinuit
1232 4312 1345 4389 quam
1361 4285 1536 4362 redemit.
1551 4284 1609 4363 De
1624 4312 1718 4392 aqua

304 4415 419 4489 eciam
441 4415 544 4489 Mera
567 4413 666 4489 dicta
684 4414 730 4489 ab
751 4411 886 4488 eodem
911 4410 1110 4490 castellano
1130 4412 1266 4490 multas
1286 4429 1323 4490 et
1346 4441 1472 4522 graves
1491 4414 1718 4520 calumpnias
1763 4410 1767 4427 '

302 4543 506 4629 sustinens,
523 4542 658 4648 injure
676 4568 745 4619 suo
760 4542 960 4620 retinendo
976 4543 1141 4620 multum
1161 4541 1356 4636 laboravit,
1379 4560 1502 4650 empta
1516 4544 1563 4622 ab
1581 4544 1665 4652 ipso
1681 4560 1718 4620 et
1749 4623 1751 4627 .

302 4674 381 4781 ejus
401 4672 557 4750 homine
574 4671 742 4750 Gerardo
767 4674 907 4753 Honwa
925 4673 1061 4781 palude
1079 4673 1278 4781 plusquam
1297 4675 1543 4784 quadraginta
1567 4702 1717 4754 mensu·

301 4834 446 4889 rarum,
470 4804 593 4882 eidem
612 4803 715 4881 Mera
734 4801 1003 4909 adjacentium,
1025 4803 1080 4881 uti
1100 4803 1171 4882 hec
1189 4820 1285 4883 carta
1303 4821 1470 4884 testatur.
