4478 5842
324 531 392 599 172
672 526 1078 600 CHARTULARIUM
1105 525 1383 600 SITHIENSE.

320 668 387 746 illo
408 671 493 778 igne
513 685 734 775 exurgente,
757 685 1006 760 accrescente,
1029 684 1067 743 et
1088 683 1222 744 ventus
1246 668 1280 742 ei
1304 669 1577 745 consurrexerit
1597 686 1636 745 et
1656 698 1744 746 con-

321 800 492 891 creverit,
526 828 583 890 ae,
610 797 792 876 nonnulla
810 798 967 875 domata
984 815 1252 903 transgressus,
1276 825 1404 875 versus
1417 796 1603 904 templum
1630 796 1744 876 vehe-

319 926 505 1009 mentiore
528 929 665 1020 llabro,
692 929 811 1005 nimio
831 946 983 1034 peccato
1007 944 1183 1036 urgente,
1211 928 1418 1033 impulerit.
1445 931 1510 1021 Et,
1530 946 1573 1006 ut
1600 930 1743 1007 dictum
1829 982 1840 1025 ‚-

321 1080 392 1147 est.
409 1063 651 1140 Asonctuan‘o
667 1089 741 1135 meo
759 1063 913 1164 incipite,
929 1060 1018 1138 edes
1030 1059 1101 1137 Dei
1114 1058 1240 1136 subito
1254 1059 1339 1166 igne
1355 1060 1592 1152 invaduntur,
1606 1060 1743 1138 lamen-

319 1192 559 1296 tabiliterque
593 1189 715 1267 edacis
744 1189 895 1266 llamme
925 1189 1124 1268 voracitate
1153 1188 1363 1296 liquantur;
1395 1208 1433 1267 et
1459 1191 1564 1297 quod
1595 1190 1743 1269 diutino

320 1322 518 1429 multoque
541 1320 679 1400 sudore
701 1320 934 1398 elaboratum
960 1319 1097 1412 extitit,
1121 1338 1228 1412 tunc,
1255 1320 1351 1424 proh
1379 1320 1506 1397 dolor!
1532 1321 1646 1398 unius
1670 1312 1759 1433 diei

321 1455 413 1531 hora
433 1453 676 1558 consumpsit.
691 1451 840 1529 Dehinc
860 1451 1057 1556 rapacitate
1074 1480 1138 1526 sua
1153 1453 1275 1528 tocius
1291 1450 1443 1528 claustri
1457 1451 1554 1560 girat
1569 1436 1742 1547 confinia,

321 1602 373 1674 et,
392 1584 490 1659 nihil
507 1583 738 1672 intermisso,
756 1581 979 1658 exterminat
998 1581 1135 1657 omnia.
1147 1581 1305 1691 Verum,
1323 1600 1367 1658 ut
1388 1583 1533 1660 dictum
1554 1600 1625 1676 est,
1646 1584 1747 1677 Nihil

321 1720 353 1791 in
369 1716 557 1819 terrnfieri
571 1718 643 1790 sine
659 1742 782 1800 causa,
800 1712 904 1789 haud
919 1711 1151 1788 credendum
1168 1729 1223 1788 est
1236 1713 1447 1790 Dominum
1464 1712 1624 1791 domum
1638 1743 1743 1792 suam

320 1846 504 1923 dimisisse
523 1844 659 1920 frustra
680 1843 821 1949 perire,
838 1843 904 1920 sed
924 1860 967 1919 ut
987 1842 1143 1919 diutinis
1165 1842 1274 1919 malis
1293 1844 1444 1948 penitus
1466 1844 1685 1950 expiaretur,
1708 1865 1745 1923 et

321 1996 362 2054 ut
373 1978 510 2054 domus
526 2005 593 2054 sua
607 1957 775 2065 interior,
789 1973 933 2049 ibidem
949 1971 1126 2050 videlicet
1140 1992 1441 2077 commanentes,
1459 2003 1477 2050 a
1494 1976 1614 2081 pravis
1629 1978 1744 2055 actio-

319 2108 432 2186 nibus
447 2108 523 2185 suls
540 2106 832 2194 deterrerentur,
850 2133 915 2195 ne,
932 2105 962 2181 si
983 2104 1092 2181 malis
1112 2105 1189 2182 suis
1209 2105 1356 2182 nollent
1375 2106 1660 2197 abrenuntiare,
1679 2109 1745 2186 de·

319 2240 435 2317 terius
459 2238 557 2345 ignis
582 2237 701 2313 eterni
728 2253 814 2342 post
839 2236 879 2311 in
906 2253 1078 2312 eternum
1107 2236 1335 2340 punirentur
1355 2237 1634 2341 dampnatione.
1662 2241 1744 2316 Huc

320 2371 436 2446 eciam
453 2368 552 2481 illud
562 2368 745 2445 memorie
759 2366 936 2455 occurrit,
953 2366 1057 2471 quod
1073 2366 1357 2474 quadragesime
1374 2366 1631 2445 observatione
1647 2369 1744 2469 illud

321 2501 524 2606 discrimen
548 2499 659 2577 nobis
678 2498 876 2589 acciderit,
899 2496 1051 2604 quando
1077 2497 1199 2575 cuncti
1220 2527 1307 2575 sane
1329 2498 1420 2575 fidei
1441 2498 1604 2576 cultores
1627 2502 1745 2607 potis·
1854 2492 1856 2496 ¹

320 2635 458 2711 simum
475 2648 593 2708 errata
609 2631 770 2707 aliorum
785 2646 1003 2736 temporum
1021 2630 1175 2735 punire,
1194 2647 1305 2737 atque
1321 2628 1368 2706 ab
1388 2629 1447 2705 his
1464 2629 1572 2736 digna
1593 2632 1744 2736 penitu-

320 2765 407 2840 dine
424 2792 463 2839 se
481 2791 634 2867 operam
650 2762 741 2838 dant
754 2764 913 2867 expiare.
930 2760 1045 2839 Sicsic
1058 2760 1284 2869 longanimis
1298 2778 1336 2837 et
1351 2760 1471 2838 multe
1487 2761 1743 2839 misericordie

320 2910 357 2968 et
371 2921 478 2968 verax
491 2891 693 2979 Dominus,
712 2889 779 2967 illo
796 2892 834 2966 in
847 2909 1036 2996 tempore,
1050 2893 1124 2970 hoc
1137 2892 1339 2970 cenobium
1357 2891 1622 2998 cenobitasque
1638 2920 1742 2983 suos,

320 3039 422 3096 tanta
440 3016 603 3096 incendii
626 3021 866 3125 percussione
887 3019 1082 3112 multatos,
1100 3050 1120 3096 a
1140 3022 1283 3099 cunctis
1302 3023 1442 3128 peccati
1464 3023 1647 3128 spurtitiis
1663 3052 1745 3100 exa-

321 3151 496 3241 minasse,
515 3166 567 3240 et,
588 3149 627 3223 in
649 3131 841 3255 reliquum
866 3149 937 3224 vite
961 3167 1129 3254 tempus,
1149 3179 1171 3225 o
1191 3152 1338 3227 utinam
1360 3152 1449 3227 velit
1469 3153 1745 3230 emendatiores

321 3285 420 3360 esse!
450 3282 627 3388 quatinus
650 3282 723 3357 hoc
747 3309 839 3388 rogo
863 3278 1142 3387 inextinguibili
1169 3281 1421 3395 castigatiores
1447 3280 1591 3369 effecti,
1623 3284 1742 3358 eterni

319 3413 415 3519 ignis
435 3411 621 3488 cruciatus
641 3411 841 3488 evaderent
860 3408 1176 3518 inextinguibiles.

984 3701 1070 3787 ΙΙΙ.

378 3939 443 4013 llis
462 3938 512 4013 ita
533 3934 780 4041 consumptis,
805 3935 972 4012 insecuta
990 3953 1118 4027 nocte,
1141 3935 1289 4012 cuidam
1311 3937 1503 4014 seniorum
1525 3936 1563 4010 in
1584 3963 1744 4041 sompno

321 4070 439 4146 visum
461 4084 517 4145 est
536 4067 663 4144 videre
682 4066 888 4172 quemdam
907 4066 1150 4174 magnificum
1168 4067 1309 4157 virum,
1331 4066 1483 4144 habitus
1503 4066 1665 4143 candore
1687 4066 1745 4142 ni-

321 4230 447 4290 veum,
464 4198 590 4275 vultus
601 4197 804 4304 splendore
814 4195 1056 4289 fulmineum,
1068 4198 1234 4304 quodam
1251 4197 1409 4274 claustra
1422 4198 1505 4273 loco
1521 4197 1741 4302 perstitisse,

322 4329 570 4437 diligentique
592 4328 729 4406 obtutu
749 4328 1028 4433 circumspectis
1051 4327 1245 4418 omnibus,
1269 4344 1415 4405 extenta
1435 4329 1561 4404 dextra
1590 4355 1744 4404 omnem

320 4459 468 4536 cenobii
488 4459 616 4535 locum
632 4459 880 4536 benedixisse.
899 4459 984 4552 Qua
1005 4458 1053 4535 de
1073 4486 1113 4534 re
1135 4457 1253 4534 eciam
1269 4456 1461 4565 colligitur
1481 4458 1609 4535 locum
1625 4488 1645 4534 a
1662 4457 1746 4564 qui-

319 4589 478 4666 busdam
500 4588 708 4666 commissis
723 4589 802 4696 jam
828 4590 1032 4697 expiatum,
1056 4590 1289 4696 demumque
1309 4588 1348 4664 in
1368 4590 1571 4695 pristinum
1594 4588 1654 4667 vel
1678 4617 1745 4694 po·

318 4720 453 4798 tiorem
471 4710 647 4795 decorem
663 4718 865 4827 aliquando
882 4721 1124 4798 miseratione
1135 4720 1205 4798 Dei
1227 4719 1559 4797 committendum.
1577 4721 1741 4811 Interea,
1797 4697 1804 4710 .

318 4850 496 4930 iratribus
519 4850 604 4929 divo
632 4851 824 4957 expositis,
849 4878 889 4927 ac
918 4878 1117 4928 murorum
1142 4849 1348 4957 parietibus
1375 4868 1561 4928 tectorum
1588 4877 1742 4927 suorum
