4478 5842
610 495 739 567 PARS
775 494 953 567 PRIMA.
973 536 1024 550 -
1043 492 1296 584 FOLQUINI
1322 494 1417 565 ΗΒ.
1446 496 1472 565 l.
1706 497 1754 567 29

341 638 509 714 ridetur:
537 661 583 713 eo
607 652 738 712 tenore
754 651 797 711 ut
816 635 889 711 hoc
915 633 1015 739 ipse,
1044 631 1137 710 dnm
1158 632 1359 721 adviveret,
1381 660 1448 738 per
1467 633 1668 739 precariam
1693 636 1758 710 lra-

338 767 461 855 beret,
483 784 521 844 et
540 784 625 872 post
644 794 755 843 suum
774 763 922 841 obitum
943 793 984 841 ac
1003 761 1089 840 silim
1106 762 1187 870 ejus
1202 763 1390 853 Auriana,
1408 763 1644 869 supradictus
1664 761 1756 839 abba

340 898 512 975 bertinus
529 924 596 973 seu
612 919 842 973 successores
862 894 919 969 sui
941 894 1015 971 hoc
1033 892 1214 984 habeant,
1232 911 1384 970 teneant
1403 893 1756 1001 atquepossidoant,

340 1045 377 1103 et
395 1054 662 1134 quemcunque
683 1024 923 1131 praepositum
944 1024 996 1100 ibi
1021 1052 1236 1131 praeponere
1257 1023 1458 1114 rolnerint,
1487 1024 1673 1099 licentiam
1698 1024 1759 1097 ba-

338 1158 468 1248 beant,
496 1157 592 1234 sicut
622 1156 734 1231 etiam
760 1154 950 1259 exemplar
973 1153 1078 1231 illins
1104 1154 1332 1247 traditionis,
1355 1156 1456 1262 apud
1487 1182 1556 1231 nos
1579 1155 1759 1231 hactenns

340 1306 614 1378 conservatum,
637 1303 793 1363 testatur
813 1286 885 1362 boc
908 1284 1036 1361 mode.

1014 1578 1087 1651 xl.

730 1758 866 1803 raanrrro
891 1760 1051 1803 anarrmor
1074 1760 1112 1800 nr.
1133 1759 1231 1801 nonen
1254 1738 1370 1800 err.r..r¹.

396 1941 619 2031 «Quantum
648 1938 864 2017 intellectus
901 1966 1033 2016 sensus
1060 1939 1217 2015 humani
1251 1956 1373 2042 potest
1405 1939 1541 2015 mentis
1566 1942 1758 2045 sagacitate

338 2097 510 2175 pensare,
531 2087 642 2176 atquc
660 2068 790 2147 sedula
811 2068 1051 2177 indagatione
1071 2068 1323 2173 perpendere,
1343 2068 1461 2144 nichil
1482 2069 1643 2175 amplius
1663 2071 1759 2147 ralet

340 2200 378 2275 in
401 2200 516 2307 liujus
534 2200 658 2278 saculi
677 2199 760 2277 luce
781 2200 829 2296 de
849 2198 988 2308 gaudio
1009 2198 1165 2305 fugitivo
1187 2198 1348 2288 lucrare,
1371 2227 1486 2303 quam
1507 2201 1608 2306 qnod
1633 2202 1680 2276 de
1701 2230 1759 2277 re-
1800 2223 1894 2275 soon
1910 2224 1964 2274 est·

339 2330 411 2407 bus
434 2331 527 2422 suis,
555 2330 646 2409 locis
665 2330 961 2423 venerabilibus,
983 2330 1022 2405 in
1048 2328 1238 2407 alimoniis
1262 2356 1491 2434 pauperum,
1514 2347 1667 2405 curetur
1686 2331 1758 2405 im—

339 2461 719 2567 pendere;.q11atinus
733 2460 973 2569 fragilitatem
994 2477 1134 2538 naturae
1158 2486 1291 2535 omnes
1312 2460 1536 2566 generaliter
1555 2461 1756 2565 patiantur,
1847 2435 1851 2444 Ι

339 2592 561 2697 prinsquam
580 2592 776 2669 subitanea
791 2590 1031 2695 transpositio
1052 2590 1212 2677 eveniat,
1235 2605 1383 2692 oportet
1401 2616 1469 2692 pro
1486 2588 1605 2664 salute
1626 2591 1757 2665 anima·

337 2720 506 2826 vigilare,
529 2741 668 2800 utnon
691 2720 856 2796 inveniat
875 2745 1104 2825 quemquam
1127 2718 1369 2822 imparatum,
1392 2717 1489 2792 sicut
1508 2718 1695 2793 Dominns
1719 2720 1756 2792 in

336 2850 526 2953 evangelio
548 2849 619 2924 ait:
644 2849 713 2941 Qui
731 2848 794 2926 dat
806 2875 947 2952 porum,
970 2864 1149 2950 cornporot
1169 2850 1235 2924 sibi
1253 2877 1408 2952 reponio,
1429 2864 1463 2925 et
1481 2851 1637 2951 ¹n‘ocfine
1662 2878 1757 2926 num·

335 3005 449 3053 rnrarn
468 2982 629 3082 plotium.
651 2978 770 3085 Igitur
794 3004 881 3083 ego,
904 2978 943 3052 in
964 2976 1034 3055 Dei
1057 2976 1227 3066 nomine,
1254 2975 1501 3069 AmallriduS,
1526 2975 1671 3055 illuster
1690 2980 1755 3070 vir,

338 3106 541 3212 inspirante
568 3107 692 3183 divina
713 3107 897 3211 potentia,
922 3123 1035 3212 atque
1060 3134 1129 3211 pro
1155 3107 1326 3183 remedio
1350 3108 1482 3183 animae
1504 3136 1614 3196 meae,
1641 3110 1758 3213 depu-

340 3237 406 3311 tari
429 3254 467 3313 et
485 3237 650 3315 concessi
666 3254 777 3342 atque
795 3235 973 3343 delegavi,
990 3264 1058 3341 per
1072 3237 1168 3313 lianc
1181 3237 1355 3343 paginam
1371 3238 1597 3330 donationis,
1616 3241 1663 3315 ad
1677 3269 1756 3318 mo·

338 3368 543 3443 nasterium
567 3366 710 3455 Sitbiu,
736 3364 839 3472 quod
863 3382 920 3442 est
948 3365 988 3441 in
1018 3366 1162 3442 honore
1184 3366 1299 3442 sancti
1324 3366 1422 3441 Petri
1451 3384 1489 3443 et
1512 3370 1627 3444 sancti
1649 3370 1755 3446 Pauli

339 3496 394 3572 rel
409 3497 524 3574 sancti
545 3497 713 3588 Martini,
731 3524 799 3573 seu
816 3513 854 3573 et
869 3511 1089 3572 caeterorum
1109 3512 1337 3585 sanctorum,
1355 3513 1601 3586 constructus,
1616 3498 1673 3573 rel
1691 3499 1755 3574 ubi

335 3627 559 3704 venerabilis
576 3626 631 3702 vir
649 3627 826 3703 Bertinns
846 3623 960 3703 abbas
989 3652 1146 3730 praeesse
1169 3624 1328 3717 videtur,
1356 3653 1430 3701 nna
1458 3654 1543 3702 cum
1563 3627 1754 3707 voluntate

338 3757 392 3833 rel
411 3757 669 3834 convenientia
681 3757 768 3833 filiae
783 3785 876 3833 meae
889 3755 1078 3848 Auriana,
1097 3785 1179 3862 quac
1193 3755 1338 3834 ibidem
1354 3756 1487 3834 rectrix
1503 3785 1581 3835 esse
1594 3758 1754 3851 videtur,

298 3895 301 3901 ’
337 3889 409 3964 boe
420 3906 476 3965 est
486 3886 759 3965 monasterium
773 3903 945 3961 nostrum
957 3888 1065 3993 cujus
1078 3887 1303 3964 vocabulum
1318 3905 1374 3964 est
1386 3887 1555 3965 llunullo
1566 3890 1703 3983 Curtis,
1718 3895 1756 3967 in
1846 3945 1850 3954 -

336 4045 431 4123 pago
445 4015 748 4105 Karnbrincense,
765 4042 878 4119 super
893 4014 1007 4089 llurio
1019 4013 1149 4106 Scald,
1166 4045 1281 4121 quem
1298 4043 1367 4122 ego
1382 4016 1423 4091 in
1438 4019 1663 4123 proprietate
1681 4049 1760 4097 nos

340 4163 392 4220 tra
416 4146 454 4219 in
483 4146 627 4221 honore
653 4160 786 4220 sancta
808 4142 933 4221 Mariae
956 4143 1015 4220 rel
1035 4146 1150 4221 sancti
1173 4146 1272 4221 l‘etri
1292 4171 1359 4220 sen
1384 4149 1499 4222 sancti
1521 4150 1671 4225 blartini
1693 4177 1759 4228 sen

337 4292 470 4352 sancta
491 4272 662 4364 Pollinae,
682 4273 749 4349 nbi
763 4273 841 4382 ipsa
854 4275 1021 4380 preciosa
1038 4305 1187 4383 gemma
1211 4276 1413 4383 requiescit
1438 4278 1475 4352 in
1497 4305 1669 4383 corpore;
1692 4283 1758 4368 ita,

338 4423 381 4481 ut
397 4403 489 4481 mibi
508 4401 747 4507 complacuit,
764 4383 803 4479 in
819 4402 885 4481 tali
897 4405 1055 4494 ratione,
1073 4424 1117 4482 ut
1130 4407 1176 4482 ad
1189 4407 1314 4513 ipsum
1334 4408 1605 4485 monasterium
1620 4409 1757 4499 Sitlriu,

339 4534 384 4608 ad
409 4561 505 4638 opus
525 4532 639 4609 sancti
660 4533 777 4623 Petri,
793 4532 873 4641 jam
896 4535 1040 4613 dictum
1067 4537 1355 4627 monasterinm,
1379 4539 1584 4615 cumomni
1609 4541 1759 4647 integri-

340 4681 415 4741 tate
438 4662 497 4740 vel
522 4661 710 4741 soliditate
736 4691 819 4757 sua,
844 4665 946 4743 inse
972 4666 1214 4772 aspicientem
1240 4666 1295 4745 rel
1318 4669 1587 4773 pertinentem,
1615 4670 1755 4744 ibidem

385 4819 392 4850 ¹
417 4821 514 4882 Edidit
529 4820 638 4883 lllabill.
654 4820 698 4882 De
714 4843 743 4882 re
755 4821 864 4903 diplom.
881 4844 908 4904 p.
925 4822 995 4905 607.
