4478 5842
334 443 406 521 ue
513 392 518 398 ⁵
684 443 1399 521 cularunlnruusrruruusn.

887 679 917 720 III
940 680 1033 720 PARTE
1051 679 1192 721 SINISTRA.

621 817 727 880 Abbati
743 817 857 881 Simoni
869 830 919 879 tua
933 820 985 901 qui
1000 819 1041 879 sic
1055 839 1120 880 ossa
1134 820 1236 902 reponi

621 921 717 991 Fecit,
736 921 893 1004 Folqnine,
911 921 949 979 sit
961 940 1078 980 summa
1094 921 1172 981 salus
1191 922 1254 983 sine
1266 920 1334 984 line.

620 1024 644 1086 F
644 1023 757 1113 alquini
771 1022 936 1085 veneranda
950 1024 1040 1106 patris
1049 1021 1097 1083 bic
1110 1023 1243 1085 membra
1253 1024 1396 1096 locantur,

658 1125 785 1187 Antiates
800 1125 916 1186 dudum
933 1125 985 1208 qui
1000 1125 1094 1187 luerat
1107 1125 1255 1189 Morinum
1272 1154 1279 1188 ε

366 1224 526 1309 Philippus
542 1226 684 1298 Bithinia‚
697 1227 813 1288 Tadeus
828 1228 943 1297 Prusia,
961 1226 1094 1288 Matheus
1113 1227 1241 1310 Etiopia‚
1258 1231 1366 1292 Paulus
1378 1229 1490 1294 Grecia.

842 1444 871 1483 IN
894 1442 1052 1483 narnulom
1073 1442 1227 1484 ranarum.

616 1580 672 1642 llic
683 1591 728 1642 est
738 1579 817 1641 filius
832 1599 917 1638 meus
935 1577 1073 1647 dilectus.
1089 1580 1119 1639 in
1134 1599 1193 1662 quo
1209 1579 1381 1661 complacui.

535 1698 538 1705 ·
613 1682 674 1742 Vox
695 1680 794 1742 audita
809 1681 912 1762 patris,
933 1690 1018 1740 testes
1036 1680 1206 1763 novitasque
1222 1681 1342 1742 decoris.

613 1781 765 1844 hudibus
782 1780 948 1845 immodicis
960 1780 1066 1843 (luisti
1084 1783 1209 1845 sociatus
1227 1783 1337 1847 amicis.

918 1997 949 2037 Ill
971 1995 1148 2038 POSTERIORI.

610 2132 666 2195 llic
682 2135 714 2194 in
728 2154 815 2195 carne
830 2132 927 2195 Deum
941 2153 1083 2217 cognosce
1095 2132 1221 2217 legendo
1237 2134 1395 2198 Matbeum.

611 2235 661 2299 Sol
675 2238 768 2298 oritur
783 2235 877 2306 stalla,
893 2235 1026 2298 Christus
1042 2236 1079 2299 de
1096 2248 1188 2298 matre
1206 2237 1313 2321 puella.

813 2451 882 2493 trau
906 2452 936 2493 nt
961 2451 1027 2493 auo
1049 2451 1229 2504 nummum.

608 2570 664 2636 Hic
675 2573 729 2633 sita
742 2570 889 2641 membra,
903 2573 962 2633 tuis
971 2591 1038 2654 spes
1052 2571 1121 2642 fuit,
1136 2571 1292 2655 Folquine‚
1306 2574 1415 2637 salutis.

368 2750 535 2842 Quantas
554 2749 669 2827 eciam
688 2747 874 2826 Dominus
896 2747 935 2824 in
955 2749 1024 2825 hac
1042 2748 1285 2827 translatione
1307 2751 1479 2860 dignatus
1498 2753 1546 2830 sit
1565 2781 1735 2833 exercere

310 2879 465 2957 virtutes
485 2909 554 2986 pro
571 2878 630 2958 sui
650 2878 744 2956 servi
764 2878 987 2971 reverentia,
1009 2879 1040 2954 si
1060 2878 1247 2985 quispiam
1267 2908 1376 2958 nosse
1391 2878 1498 2971 velit,
1522 2884 1562 2959 in
1583 2885 1736 2964 diversis

309 3008 567 3087 voluminibus
587 3009 734 3088 cenobii
754 3009 954 3088 Sithiensis
970 3008 1110 3116 poterit
1126 3011 1311 3116 reperire3
1333 3041 1448 3119 quare
1466 3013 1528 3091 hic
1546 3015 1736 3095 brevitatis

308 3141 422 3248 gratia
444 3139 734 3246 supersedimus.

953 3336 1081 3413 XXV.

444 3523 481 3562 D!
502 3520 635 3573 Quanam
657 3521 704 3564 SUI
728 3487 953 3579 ennomussoms
974 3520 1036 3563 CII!
1058 3520 1217 3562 ABBAI'ISSA
1239 3520 1293 3561 PER
1315 3520 1375 3561 attat
1399 3521 1452 3560 II!
1476 3521 1592 3565 SEDA'IA.

369 3700 435 3778 His
461 3699 508 3779 de
539 3698 796 3777 materialibus
826 3700 906 3807 ejus
934 3693 1113 3805 operibus
1140 3699 1356 3775 succinctim
1389 3703 1585 3792 enarratis,
1611 3703 1658 3780 ad
1684 3731 1727 3781 ea

308 3858 381 3938 que
411 3832 459 3908 de
491 3828 730 3937 acquirendis
756 3826 1054 3934 possessionibus
1074 3827 1134 3905 vel
1157 3826 1203 3906 de
1228 3828 1361 3911 litibus
1385 3849 1423 3911 et
1447 3835 1726 3926 controversiis,

305 3990 380 4067 que
403 3961 708 4066 predecessorem
726 3987 838 4035 suum
861 3959 974 4035 nimis
994 3977 1272 4065 oppresserant,
1292 3960 1531 4066 pacificandis
1552 3982 1727 4077 operatus

304 4109 375 4181 est,
396 4091 523 4169 stilum
540 4106 727 4168 tenemus
747 4104 908 4194 oportet.

359 4223 485 4299 Primo
511 4221 629 4329 igitur
647 4218 935 4297 controversiam
961 4246 1051 4324 que,
1078 4246 1098 4294 a
1120 4234 1291 4325 tempore
1316 4218 1460 4299 abbatis
1482 4219 1722 4314 Godescalci,
1847 4294 1864 4305 ,

304 4353 351 4429 de
379 4353 524 4430 decima
552 4353 652 4429 Nove
679 4348 848 4436 Paludis,
877 4350 1071 4427 internos
1098 4365 1136 4427 et
1167 4341 1390 4431 abbatissam
1421 4352 1723 4463 Broburgensem

303 4483 429 4560 adhuc
451 4481 628 4569 durabat,
650 4479 844 4587 pacificare
863 4477 1083 4568 intendens,
1106 4508 1192 4556 cum
1216 4510 1296 4559 rem
1318 4482 1463 4559 videret
1482 4481 1721 4590 implicitam,

302 4613 503 4724 presertim
527 4611 614 4717 quia
639 4610 823 4690 abbatissa
850 4610 979 4690 multis
1007 4627 1045 4687 et
1073 4608 1234 4689 fortibus
1259 4612 1484 4690 inniteretur
1507 4612 1720 4721 adjutoriis,

304 4747 445 4828 scilicet
470 4741 750 4855 privilegiorum
772 4742 1009 4828 auctoritate,
1034 4741 1135 4843 curie
1161 4739 1302 4834 lavore,
1330 4761 1369 4821 et
1386 4743 1547 4851 superba
1570 4745 1722 4854 sangui-
