4478 5842
624 511 746 585 rans
774 508 944 611 rarus.
962 553 1012 569 -
1029 511 1277 602 roxomru
1302 510 1402 585 mu
1420 515 1446 585 1.
1700 513 1746 583 75

335 652 569 731 districtioris
579 654 659 729 vitae
675 654 788 744 viros,
812 682 907 759 quos
921 683 995 729 suae
1010 653 1241 758 perversitati
1261 652 1403 758 putavit
1420 680 1498 729 non
1519 653 1747 742 consentire,

331 781 378 858 de
399 784 627 861 monasterio
648 782 836 888 expellens
856 782 959 859 abire
977 784 1159 888 permisit.
1177 785 1219 859 ln
1236 783 1352 859 sancti
1371 782 1576 860 Audomari
1598 809 1748 887 quoque
1812 768 1816 774 ¹

328 915 573 1005 monasterie,
593 913 658 990 ubi
679 913 902 1022 regulariter
919 913 1083 990 viventes
1104 914 1259 989 aderant
1274 939 1319 989 xx
1334 913 1525 1003 monachi,
1548 939 1618 988 xxx
1637 940 1749 988 cano-

327 1044 431 1121 nicos
445 1043 588 1120 ibidem
604 1045 651 1119 ad
666 1044 906 1120 serviendum
925 1043 1117 1148 deputavit
1132 1045 1171 1118 in
1186 1045 1415 1121 monasterio
1431 1043 1582 1121 Christi.
1600 1044 1653 1119 Ac
1665 1060 1750 1149 post

328 1175 417 1262 hee,
428 1174 547 1250 totius
556 1173 714 1250 abbatiae
725 1173 908 1249 circuiens
926 1171 1048 1262 villas,
1063 1190 1101 1251 et
1119 1173 1206 1278 quia
1223 1172 1364 1278 duplex
1383 1172 1532 1263 extabat
1543 1173 1749 1249 monacho-

326 1332 413 1380 rum
425 1330 620 1395 numerus,
638 1304 817 1409 dupplam
832 1303 1107 1408 eisportionem
1120 1303 1295 1379 villarum
1309 1321 1365 1380 est
1376 1303 1750 1411 largitusCanonicis

327 1450 471 1522 autem,
501 1435 589 1540 quia
613 1433 809 1540 pauciores
831 1450 939 1510 erant
967 1434 1151 1523 numero:
1163 1434 1303 1539 simpla
1325 1451 1454 1511 contra
1478 1432 1672 1511 monachis
1694 1451 1750 1509 est

329 1561 412 1639 data
433 1564 569 1669 portio.
597 1565 679 1669 lpse
706 1580 749 1639 ea'
768 1588 851 1668 quae
873 1561 945 1638 sibi
967 1564 1130 1639 maxime
1149 1561 1381 1667 placuerant,
1402 1563 1544 1640 adsue
1567 1562 1748 1669 perversi-

326 1695 411 1770 tatis
421 1722 532 1773 usum
552 1694 769 1785 reservavit3
788 1711 825 1771 et
838 1694 927 1800 quia
942 1695 1144 1771 canonicus
1159 1711 1253 1786 erat,
1274 1723 1361 1770 cum
1376 1693 1564 1771 canonicis
1580 1694 1620 1769 in
1632 1695 1747 1770 sancti

327 1823 532 1902 Audomari
559 1826 788 1902 monasterio
814 1824 1032 1902 seculariter
1054 1825 1210 1904 vivebat.
1235 1824 1339 1918 Quid
1363 1824 1449 1931 plus
1468 1825 1583 1931 hujus
1605 1824 1748 1900 abbatis

326 1954 486 2031 referam
504 1955 719 2046 versutiam,
743 1985 829 2034 cum
849 1956 969 2033 veraci
984 1982 1132 2061 possem
1156 1955 1297 2032 lamine
1317 1956 1442 2033 dicere
1456 1958 1560 2031 hunc
1581 1955 1747 2060 primum

328 2082 402 2160 loci
422 2086 538 2193 hujus
554 2112 679 2163 casum
698 2087 889 2164 extitissol
905 2087 976 2162 llic
990 2085 1120 2173 etiam,
1145 2083 1355 2161 secumdum
1371 2084 1570 2162 veridicam
1585 2087 1750 2162 veritatis

325 2224 581 2308 vocem,⁷cum
602 2217 665 2294 alii
673 2216 935 2319 pilaborassent,
959 2215 1000 2293 in
1022 2212 1170 2298 laborm
1190 2243 1325 2292 eorum
1344 2213 1506 2301 introiit,
1529 2243 1601 2292 nec
1622 2214 1748 2292 solum

327 2346 482 2438 introiit,
492 2346 683 2424 sedetiam
694 2374 776 2454 quae
788 2347 1047 2424 laboraverant
1055 2346 1254 2422 temeraria
1262 2342 1546 2452 presumptione
1555 2344 1748 2420 destruxit.

329 2475 398 2551 llic
418 2464 723 2569 etiam'lratemae
744 2477 906 2554 caritatis
927 2477 1123 2581 utriusque
1144 2450 1362 2552 monasterii
1381 2474 1594 2550 destructor
1613 2473 1749 2566 extitit,
1789 2572 1794 2587 1

327 2605 419 2683 dum
443 2606 774 2699 et,monacbi'sibi
792 2608 938 2712 justum
959 2622 996 2680 et
1015 2603 1063 2679 ab
1083 2604 1247 2709 antiquis
1260 2602 1428 2709 patribus
1447 2603 1629 2679 traditum
1649 2630 1752 2682 rere-

326 2737 456 2814 rentiae
472 2740 662 2815 honorem
675 2724 877 2827 vindicaflt,
892 2733 1238 2840 canonicorumque
1249 2732 1525 2841 subjectionem
1537 2732 1752 2811 sibixeraci-

326 2884 385 2942 ter
400 2865 628 2954 defendunt,
645 2883 683 2943 et
697 2864 868 2942 canonici
880 2864 929 2941 ab
944 2864 1026 2969 ipso
1040 2863 1175 2940 abbate
1186 2862 1382 2956 canonico,
1395 2863 1516 2939 fallaci
1526 2864 1748 2957 assertione,

327 2996 580 3102 principatum
598 2996 646 3071 ad
661 3018 701 3072 se
715 2992 1033 3072 monasteriorum
1044 2991 1236 3098 pertinere
1251 2992 1396 3071 dicunt.
1408 2992 1483 3069 Pro
1496 2991 1558 3071 his
1570 2993 1750 3071 omnibus

328 3143 366 3201 et
392 3123 550 3232 reliquis
571 3125 772 3202 tirannidis
796 3151 872 3200 sue
898 3122 1060 3214 actibus,
1085 3111 1269 3201 hactenus
1286 3122 1571 3229 blasphematur
1595 3124 1644 3201 ab
1666 3154 1749 3203 om·

326 3253 454 3347 nibus,
476 3282 547 3331 nec
571 3255 731 3332 dubium
753 3253 860 3361 quod
881 3250 1211 3361 blasphemabitur
1231 3272 1269 3330 et
1293 3282 1314 3330 a
1337 3252 1638 3336 succedentibus.

957 3528 1084 3602 LVll.

415 3711 452 3750 DE
474 3711 638 3754 Pntvltttcto
660 3711 818 3755 abbreviet
841 3708 926 3753 xstits
947 3710 985 3750 1>ss
1005 3708 1166 3753 vxttsrtoxn
1187 3707 1333 3779 stxvstttttt
1357 3709 1532 3754 HOMS'I'EMI
1554 3710 1663 3761 SlffllU.

382 3887 453 3961 Hic
467 3889 580 3966 etiam
593 3889 787 3995 predictus
800 3885 932 3977 abbas,
955 3915 1054 3963 anno
1068 3888 1192 3995 primo
1207 3889 1401 3996 regiminis
1412 3891 1491 3981 sui,
1505 3891 1584 3998 jam
1604 3890 1749 3970 dictum
1871 3958 1877 3971 .

323 4034 455 4126 regem
484 4019 719 4095 Ludovicum
739 4016 885 4104 adiens,
906 4015 1016 4120 petiit
1037 4016 1084 4093 ab
1105 4046 1150 4094 eo
1175 4019 1365 4096 licentiam
1394 4021 1435 4095 in
1460 4023 1643 4127 sepedicti
1669 4051 1750 4100 mo-

326 4147 479 4225 nasterii
490 4147 549 4224 sui
563 4146 690 4223 sithiu
702 4144 810 4223 silvas
819 4144 1057 4223 venationem
1072 4174 1260 4239 exercere,
1273 4146 1345 4223 sub
1353 4151 1549 4227 occasione
1563 4152 1750 4230 librorum
1856 4188 1867 4207 ·

326 4276 578 4387 tegandorum
594 4276 651 4354 vel
664 4275 899 4353 manicarum
920 4277 969 4353 ad
988 4304 1082 4355 usus
1098 4276 1258 4357 fratrum
1268 4277 1544 4371 faciendarum,
1564 4281 1632 4361 sed
1646 4283 1751 4388 quod

230 4450 235 4465 ·
326 4408 549 4488 credibilius
566 4425 639 4498 est,
660 4407 709 4484 ad
737 4434 813 4487 sue
831 4406 1003 4486 vanitatis
1026 4408 1236 4487 ludibrium
1262 4410 1663 4505 exercendnmaQuod
1686 4442 1751 4490 rex

193 4546 197 4551 ’
326 4539 408 4616 sine
422 4568 528 4619 mora
542 4536 742 4651 concessit3
757 4537 875 4648 reguli
890 4539 1111 4619 auctoritate
1125 4540 1363 4648 privilegium
1374 4540 1425 4619 ob
1441 4543 1515 4621 hoc
1525 4539 1607 4621 lieri
1619 4544 1747 4651 jussit,

326 4671 433 4776 quod
453 4689 491 4750 et
508 4671 589 4776 ipse
608 4667 719 4779 sigilli
738 4669 797 4748 sui
816 4666 1063 4776 impressione
1082 4670 1241 4778 signavit
1258 4673 1299 4750 in
1316 4673 1395 4751 haec
1413 4673 1538 4752 verba.

1412 4992 1419 5003 ,
1512 4950 1558 4990 ιο.
