4478 5842
304 514 378 589 208
652 517 1060 590 CHARTULARIUM
1093 515 1373 593 SITHIENSE.

302 656 546 732 collationum
568 656 736 744 Patrum3
759 658 898 735 librum
920 655 1118 764 Augustini
1139 685 1252 761 super
1270 655 1505 740 lobannem;
1528 655 1720 733 Passiona-

302 785 376 861 lem
391 814 561 893 quoque,
579 786 753 863 immensi
765 788 961 892 ponderis,
973 815 1017 865 ex
1030 788 1178 893 integro
1195 786 1380 892 digestos,
1395 785 1472 923 sqis
1487 785 1645 890 posteris
1662 787 1722 863 de-

311 917 474 1022 reliquit.

656 1217 660 1225 ¹
756 1249 763 1260 .
868 1191 1110 1264 2XXXIV.

561 1354 565 1367 ’
667 1387 704 1425 ne
724 1384 812 1426 carru
838 1352 930 1426 noirvu
954 1384 1108 1434 rosanae,
1133 1387 1252 1429 means
1273 1352 1383 1430 nosrar.

345 1583 521 1656 ·Hissane
537 1579 694 1684 aliisque
708 1577 819 1656 bonis
830 1581 1010 1657 virtutum
1023 1581 1205 1658 exercitiis
1219 1582 1258 1657 in
1275 1598 1506 1660 senectutem
1521 1564 1721 1676 admissus,

304 1709 589 1817 quatuordecim
604 1709 712 1783 annis
723 1725 761 1784 et
773 1708 887 1813 paulo
901 1711 1102 1817 pbrsquam
1112 1712 1279 1818 quinque
1295 1711 1504 1801 mensibus,
1519 1716 1674 1792 nomine
1688 1735 1725 1793 et

305 1858 432 1947 opere,
442 1838 669 1917 abbatizavit.
682 1839 908 1916 lmminente
921 1841 1036 1948 igitur
1046 1869 1112 1918 sue
1126 1842 1378 1919 advocationis
1387 1843 1555 1934 articulo,
1566 1846 1724 1923 admissa

305 1971 495 2078 sanguinis
505 1969 733 2059 minutione,
744 1969 875 2074 vixque
887 1971 1008 2076 spatio
1020 1999 1085 2048 sue
1099 1973 1527 2078 pausationis-percurso,
1541 1975 1727 2052 incumbit

307 2102 359 2188 ei,
377 2100 532 2207 alicujus
545 2099 603 2202 rei
615 2097 749 2204 gratia,
766 2099 942 2175 comitem
957 2118 1074 2187 terre,
1092 2102 1239 2206 Bergis,
1258 2103 1403 2207 navigio
1419 2103 1541 2194 adire;
1558 2107 1728 2211 negotio-

306 2258 379 2335 que
396 2245 561 2334 peracto,
580 2257 665 2302 cum
680 2228 759 2334 jam
779 2228 867 2304 inde
884 2229 1007 2307 redire
1029 2228 1288 2334 disposuisset,
1303 2248 1538 2336 turgescente
1553 2231 1727 2325 brachio,

307 2359 437 2436 mortis
449 2356 689 2465 inequalitate
704 2374 840 2447 tactus,
857 2359 904 2434 ad
917 2359 1068 2465 propria
1084 2387 1175 2436 nave
1189 2360 1419 2465 deportatur.
1435 2362 1611 2467 Dumque
1627 2392 1729 2440 mor-

306 2489 393 2580 bus,
403 2488 541 2567 cotidie
555 2514 737 2575 crescens,
751 2486 931 2591 paulatim
938 2488 1113 2565 vitalibus
1123 2489 1349 2582 immineret,
1358 2491 1537 2567 unctione
1548 2492 1728 2569 crismatis

308 2636 346 2697 et
352 2619 594 2725 perceptione
604 2618 736 2697 vivifici
745 2620 927 2724 corporis,
941 2636 980 2696 et
990 2619 1223 2697 confessione
1234 2619 1404 2711 salutari,
1415 2639 1727 2729 peccatorumque

309 2749 544 2837 remissione,
558 2740 700 2825 exituiir
709 2777 820 2825 suum
832 2748 1040 2854 expostulat
1049 2749 1201 2825 muniri.
1215 2750 1331 2843 Quod
1341 2769 1622 2840 consecuturus,
1635 2753 1729 2828 dum

309 2877 536 2963 asacerdote
554 2894 694 2953 secrete
710 2877 1015 2988 interrogaretur,
1030 2897 1161 2956 utrum
1178 2880 1320 2987 aliquas
1333 2879 1603 2986 peculiaritatis
1621 2881 1731 2958 habe·

246 3069 248 3072 .
310 3022 367 3085 ret
378 3006 537 3084 reiculas
546 3006 645 3110 (nam
657 3007 697 3082 id
711 3008 969 3115 eisuspitione
980 3008 1233 3115 quorumdam
1244 3009 1518 3115 imputabatur)
1533 3011 1730 3117 respondit

310 3139 452 3222 cunctis
470 3137 728 3227 audientibus,
746 3138 896 3244 illisque
916 3138 1036 3213 nimio
1061 3138 1327 3240 compassionis
1351 3164 1498 3212 merore
1522 3139 1732 3215 condolen-

309 3267 440 3360 vibis,
453 3296 523 3345 nec
543 3269 654 3345 unius
673 3268 777 3346 oboli
798 3267 968 3373 precium
988 3266 1059 3342 sibi
1078 3293 1293 3342 reservasse.
1309 3265 1474 3342 Demum
1496 3267 1556 3371 pie
1572 3268 1732 3372 adeptus

311 3398 416 3505 quod
429 3399 561 3481 devote
578 3398 844 3506 postulaverat,
866 3424 951 3472 cum
963 3396 1041 3502 jam
1058 3394 1255 3472 sabbatum
1268 3394 1383 3472 tercie
1399 3396 1733 3502 quadragesimalis

313 3528 523 3607 ebdomade
538 3531 871 3634 advesperasceret,
890 3525 1137 3631 completorio
1153 3541 1315 3613 cantato,
1335 3524 1572 3602 circundedit
1590 3525 1733 3603 lectum

313 3659 414 3739 illius
432 3661 557 3743 omnis
576 3659 734 3734 fratrum
749 3657 990 3746 coadunatio,
1012 3673 1056 3732 ut
1073 3657 1152 3733 suis
1171 3655 1347 3762 precibus
1361 3657 1476 3762 patris
1491 3652 1631 3734 exitum
1648 3685 1731 3735 om·

314 3788 498 3896 nipotenti
520 3784 831 3885 commendarent
857 3784 1035 3864 Domino.
1058 3785 1206 3878 Quibus
1224 3784 1326 3874 visis,
1349 3785 1476 3862 innuit
1496 3787 1605 3890 (nam
1622 3786 1732 3894 loqui

315 3948 392 3997 non
411 3917 579 4024 poterat)
600 3914 670 3992 sibi
690 3931 961 4001 sacrosanctam
980 3914 1104 3992 afferri
1119 3942 1290 4004 crucem3
1311 3943 1384 4021 qua
1399 3914 1528 4004 allata,
1549 3932 1631 3993 toto
1652 3944 1734 3993 cor-

314 4078 405 4154 pore
421 4048 529 4127 humi
544 4046 648 4127 lusus
655 4107 669 4134 ,
681 4045 919 4125 devotissime
934 4062 1025 4123 orat.
1041 4045 1223 4124 Oratione
1237 4062 1399 4151 peracta,
1415 4046 1506 4123 dum
1521 4045 1663 4125 levatus
1676 4074 1732 4125 as·

316 4195 498 4286 surgeret,
519 4178 613 4255 vidit
627 4193 807 4253 astantem
824 4175 1027 4281 quemdam
1044 4205 1063 4253 e
1078 4175 1271 4268 fratribus,
1289 4175 1445 4252 alterius
1458 4175 1582 4252 fratris
1601 4177 1733 4283 iniqui.

318 4325 390 4398 tate
410 4336 532 4415 nuper
550 4307 710 4415 graviter
729 4305 927 4386 offensum.
950 4304 1280 4409 Reminiscensque
1298 4305 1435 4412 injurie
1455 4304 1559 4382 fratri
1580 4303 1601 4382 a
1618 4305 1731 4382 fratre

317 4434 458 4540 injuste
470 4436 590 4526 illate,
612 4434 819 4543 offensique
835 4436 1006 4512 animum·
1016 4462 1105 4542 erga
1120 4433 1281 4511 alterum
1296 4460 1373 4509 non
1386 4434 1484 4511 bene
1498 4434 1729 4525 concedisse,

317 4563 418 4653 illico
441 4564 599 4670 pedibus
618 4566 698 4669 ejus
714 4566 954 4670 provolvitur,
970 4567 1088 4670 utque
1103 4562 1204 4641 lilius
1219 4563 1280 4669 pie
1295 4561 1397 4640 fratri
1413 4563 1627 4671 indulgeat,
1648 4565 1736 4671 pius

318 4711 426 4803 pitter¹
449 4711 584 4782 exorat.
614 4695 690 4772 Nec
715 4722 820 4772 mora
847 4694 993 4773 indulta
1016 4693 1124 4770 venia
1145 4721 1258 4799 quiam
1283 4711 1465 4800 precatur,
1493 4695 1588 4772 circa
1612 4695 1736 4772 noctis

320 4825 507 4917 dominice
527 4824 713 4916 medium,
732 4824 893 4903 annoab
913 4822 1165 4902 incarnatione
1180 4823 1334 4901 Domini
1350 4823 1551 4901 millesimo
1566 4848 1736 4932 nonage-
