4478 5842
462 468 497 501 ”·
565 473 693 544 PARS
719 470 966 545 SECUNDA.
987 513 1030 525 -
1046 469 1263 544 SIMONIS
1290 472 1383 543 LIB.
1411 473 1457 542 II.
1650 475 1722 543 225

961 757 1060 828 XII.

363 955 515 994 utrumn
534 954 623 995 canrn
642 953 795 1000 BALDRICI,
816 952 1009 993 ronnacensls
1032 952 1173 999 zelamur,
1195 951 1232 990 DE
1252 950 1415 991 narramus
1436 951 1472 990 nn
1488 950 1615 992 warna
1637 953 1671 990 ΕΤ

579 1056 722 1103 sustuna,
735 1054 793 1106 Qun
811 1053 993 1103 TancntnUS,
1015 1054 1186 1102 canonicum
1203 1052 1288 1093 nonts
1304 1053 1449 1093 rnanlmr.

363 1252 598 1339 «Baldricus,
620 1251 691 1327 Dei
714 1250 850 1356 gratim
867 1248 1171 1328 Noviomensium
1199 1264 1309 1351 atquc
1331 1247 1626 1325 'lornacensium
1648 1252 1725 1354 epi-

307 1409 458 1485 scopus,
481 1378 1016 1484 omnibussanctegrcligionis
1030 1375 1275 1473 cultoribus,
1289 1376 1341 1451 sic
1360 1376 1516 1453 transire
1538 1377 1722 1480 perbona
1804 1484 1807 1489 ι

305 1508 540 1614 temporalia,
575 1525 619 1584 ut
648 1537 725 1585 non
750 1507 924 1583 amittant
948 1525 1087 1583 eterna.
1105 1506 1308 1597 -Quedam,
1340 1503 1485 1591 hatreS,
1520 1505 1560 1579 in
1585 1506 1723 1612 episco-

304 1656 397 1742 patu
417 1655 566 1726 nostro,
585 1637 625 1711 in
648 1636 868 1712 Flandrensi
893 1634 1268 1721 seilicet-territorio,
1286 1632 1568 1737 apndCoclers,
1593 1635 1632 1711 in
1656 1637 1723 1712 ho·

303 1769 401 1848 nore
415 1766 529 1843 sancti
547 1765 715 1854 Martini,
739 1764 945 1869 antiquitus
964 1765 1118 1841 lundata
1136 1762 1209 1841 fuit
1227 1762 1395 1848 ecclesia,
1418 1762 1523 1868 cujus
1540 1791 1666 1841 curam
1686 1785 1722 1842 et

243 1928 247 1935 ·
302 1911 543 2001 personatum
564 1895 806 1998 predecessor
826 1909 955 1995 noster
981 1891 1081 1967 bone
1104 1891 1305 1976 memorie,
1331 1892 1494 1969 domnus
1518 1891 1718 1984 Robertus,

303 2024 516 2129 episcopus,
540 2020 645 2098 fratri
665 2020 1052 2159 Tagorado,-clerico,
1075 2020 1360 2103 commendavit.
1387 2021 1494 2097 Idem
1514 2049 1602 2101 vero
1622 2025 1739 2103 Tan·

303 2152 456 2241 cradus,
475 2167 603 2227 nostro
626 2149 665 2224 in
686 2168 875 2253 tempore,
905 2149 953 2224 ad
981 2150 1165 2225 honorem
1189 2149 1259 2226 Dei
1287 2148 1438 2253 cupiens
1459 2148 1584 2225 locum
1611 2151 1718 2229 illum

304 2280 479 2367 exaltare,
497 2297 607 2383 atque
628 2279 676 2354 dc
696 2279 830 2354 virtute
858 2279 896 2353 in
921 2279 1096 2354 virtutem
1120 2277 1354 2383 proficiendo
1382 2276 1607 2372 sublimare,
1634 2309 1720 2357 nos-

301 2426 397 2486 tram
426 2409 518 2484 adiit
540 2409 783 2513 presentiam,
805 2407 1001 2483 humiliter
1016 2425 1054 2484 et
1074 2408 1206 2483 devote
1221 2405 1436 2495 obsecrans,
1460 2409 1635 2512 quatinus
1660 2440 1718 2486 cc—

302 2538 453 2614 clesiam
472 2537 575 2614 illam
592 2537 732 2613 domno
749 2536 966 2624 lamberto,
985 2537 1100 2612 sancti
1111 2537 1254 2613 Bertini
1273 2534 1412 2624 abbati,
1427 2537 1507 2613 viro
1525 2537 1714 2644 religioso,

302 2669 454 2774 ejusque
464 2668 672 2754 monachis,
683 2684 867 2771 perpetuo
875 2665 1139 2769 possidendam
1150 2666 1451 2743 concederemus.
1465 2665 1591 2743 Oravit
1601 2671 1715 2745 eciam

300 2815 342 2907 ut
362 2797 555 2873 ecclesiam
580 2797 627 2872 de
647 2795 824 2885 Rusleda,
845 2823 957 2901 quam
982 2795 1060 2900 ipse
1084 2794 1257 2904 similiter
1271 2794 1340 2870 sub
1362 2797 1497 2872 eodem
1517 2817 1716 2902 personatu

300 2925 472 3011 tenebat,
490 2925 632 3002 eisdem
650 2923 824 3000 fratribus
840 2925 1083 3015 donaremus,
1100 2941 1138 3000 et
1156 2923 1225 3000 sub
1245 2943 1426 3035 perpetua
1441 2925 1614 3004 libertate
1629 2955 1717 3005 con—

300 3055 546 3144 firmaremus.
572 3053 692 3163 Hujus
715 3038 828 3163 igitur
846 3032 983 3131 humili
1003 3070 1170 3158 suscepta
1194 3054 1396 3161 petitione,
1425 3056 1542 3131 immo
1571 3057 1715 3162 predic·

249 3249 254 3257 .
299 3202 425 3261 torum
447 3183 602 3261 fratrum
623 3182 855 3262 considerata
875 3182 1077 3291 religione,
1100 3181 1257 3259 consilio
1278 3201 1315 3259 et
1339 3213 1489 3262 assensu
1510 3186 1713 3280 lamberti,

299 3312 567 3402 archidiaconi,
589 3331 881 3418 nostrorumque
905 3311 1146 3405 clericorum,
1169 3315 1418 3393 concessimus
1439 3315 1491 3391 eis
1510 3344 1716 3423 eorumque

298 3443 573 3521 successorihus
591 3445 775 3551 predictas
791 3442 963 3521 ecclesias
983 3442 1054 3521 sub
1069 3459 1249 3549 perpetua
1266 3442 1438 3519 libertate
1453 3444 1714 3549 possidendas,
1811 3516 1819 3525 .

299 3573 417 3660 salvo,
440 3573 478 3648 in
494 3591 626 3685 quarto
644 3601 765 3659 anno,
785 3572 956 3685 synodali
965 3573 1070 3679 jure,
1092 3568 1191 3651 salvo
1207 3600 1358 3681 quoque
1374 3601 1485 3648 censu
1501 3572 1632 3649 decem
1655 3575 1717 3649 sci·

299 3698 385 3777 licet
399 3702 550 3788 solidis,
567 3729 662 3807 quos
683 3696 729 3776 de
751 3699 904 3777 ecclesia
923 3701 1104 3791 Rusleda‚
1127 3729 1359 3807 unoquoque
1384 3730 1501 3794 anno,
1526 3702 1566 3779 in
1580 3701 1715 3780 festivi-

297 3845 371 3906 tate
394 3849 607 3907 sanctorum
627 3830 793 3906 Simonis
812 3849 849 3906 ct
869 3808 985 3921 Inde,
1001 3830 1109 3907 solita
1132 3849 1188 3908 est
1206 3830 1360 3908 solvere.

355 3958 481 4035 «Illud
502 3959 612 4034 etiam
627 3959 760 4069 pagine
772 3959 863 4034 huic
879 3944 1134 4035 commendari
1155 3960 1402 4047 decrevimus,
1419 3946 1463 4036 ul
1476 3959 1589 4036 abbas
1599 3951 1714 4038 sancti

298 4085 439 4162 Bertini
460 4086 618 4163 sollicita
641 4085 940 4163 consideratione
963 4087 1173 4192 provideat,
1197 4089 1374 4192 quatinus
1395 4087 1548 4164 ecclesia
1573 4088 1620 4166 de
1641 4090 1714 4168 Co·

299 4216 413 4292 claral
425 4245 670 4295 monacorum
687 4205 843 4293 suorum
854 4217 960 4294 cultu
974 4235 1012 4294 et
1022 4216 1270 4306 habitatione,
1286 4220 1333 4295 ad
1343 4219 1494 4296 laudem
1509 4237 1547 4295 et
1556 4220 1713 4328 gloriam

299 4346 463 4423 nominis
483 4346 639 4435 Christi,
662 4346 877 4435 decoretur3
895 4364 932 4423 et
949 4347 988 4423 in
1005 4345 1158 4424 ecclesia
1180 4349 1227 4424 de
1244 4348 1407 4425 Rusleda
1424 4349 1596 4425 sacerdos
1615 4378 1715 4429 cons
1769 4407 1771 4417 ·

297 4475 467 4566 tituatur,
480 4476 543 4581 qui
561 4476 608 4552 ab
623 4475 799 4582 episcopo
812 4476 930 4553 veleb
946 4477 1223 4583 ejus‘ministr'is
1238 4506 1366 4554 curam
1381 4477 1504 4693 pffis
1519 4479 1711 4586 suscipiat,

298 4621 336 4679 ct
357 4602 524 4682 debitam
543 4606 596 4682 eis
609 4604 863 4682 obedientiam
881 4605 1036 4684 exibeat.
1057 4606 1160 4683 Hanc
1175 4635 1326 4714 quoquc
1340 4637 1410 4733 rev·
1495 4609 1585 4685 tiam
1604 4609 1714 4687 nobis

334 4763 348 4794 '¹
372 4765 500 4828 Ecdenr
513 4766 551 4828 de
565 4762 685 4828 coum
701 4763 825 4828 efficitur
844 4768 995 4852 prioratus.
1014 4766 1050 4829 In
1060 4769 1255 4854 mryineCod
