4478 5842
546 435 593 507 et
903 434 1304 509 CHARTULARIUM
1342 435 1621 507 SlTHlENSE.

544 579 670 655 sinum
687 580 827 669 laxent,
848 578 960 654 vitam
977 596 1161 656 remotam
1177 607 1245 683 pro
1263 605 1425 683 superna
1439 576 1688 654 retributione
1703 578 1909 685 petierunt,
1928 596 1971 657 ut

543 712 584 785 in
615 742 657 789 ea
677 712 812 791 sanctis
827 709 1003 817 precibus
1027 708 1162 799 dediti,
1182 726 1219 784 et
1242 702 1465 785 vetustatem
1487 708 1611 785 cordis
1630 738 1651 783 a
1671 710 1846 787 societate
1869 738 1969 787 secu·

543 840 680 919 larium
702 842 880 947 strepitus
901 840 1136 948 disjungere,
1161 855 1198 915 et
1219 839 1258 914 in
1281 839 1369 947 igne
1389 837 1528 914 amoris
1546 838 1703 915 Domini
1722 838 1901 928 conflant,
1925 857 1969 916 ut

542 972 589 1049 ad
610 974 759 1050 coeleste
779 972 961 1080 gaudium
979 969 1315 1077 contemplandum
1337 999 1376 1047 se
1398 970 1591 1046 innovent.
1612 969 1775 1047 Proinde
1802 998 1871 1078 ego
1892 999 1966 1077 qua

541 1100 680 1179 fiducia
695 1120 927 1210 provocatus,
940 1102 1204 1179 intercessores
1218 1129 1323 1179 moos
1333 1100 1435 1207 apud
1448 1099 1781 1177 clementissimum
1799 1117 1837 1177 et
1849 1101 1967 1178 omni·

540 1253 736 1339 potentem
752 1235 980 1322 Dominum,
996 1248 1039 1307 ut
1054 1231 1131 1308 suis
1146 1230 1321 1337 precibus
1334 1230 1491 1337 prebere
1507 1229 1600 1306 mihi
1616 1229 1818 1340 dignentur
1833 1231 1965 1307 ammi-

485 1354 490 1363 ’
539 1363 721 1455 niculum,
737 1363 934 1441 humiliter
950 1363 1125 1467 deposco,
1140 1378 1177 1438 et
1185 1359 1312 1437 taliter
1324 1362 1371 1437 ab
1384 1361 1463 1466 ipsa
1477 1360 1766 1468 congregatione
1779 1358 1961 1467 supplico,

539 1491 605 1569 ubi
631 1513 670 1571 et
687 1492 752 1569 ubi
771 1493 877 1570 locus
896 1492 1077 1584 evenerit,
1099 1492 1137 1567 in
1159 1520 1236 1599 quo
1251 1492 1439 1569 Dominus
1463 1490 1510 1567 de
1529 1491 1599 1567 hac
1615 1490 1698 1568 luce
1720 1519 1781 1567 me
1804 1492 1961 1601 migrare

534 1624 701 1731 jusserit,
720 1624 892 1701 consocia
907 1623 1069 1715 caritate,
1087 1622 1193 1729 juxta
1211 1622 1315 1729 quod
1330 1622 1370 1697 iu
1390 1620 1545 1698 auribus
1559 1622 1689 1698 vestris
1706 1621 1961 1726 patefecimus,

539 1753 644 1861 quod
658 1753 831 1834 voluntas
845 1771 973 1830 nostra
988 1754 1114 1831 taliter
1128 1751 1307 1843 decrevit,
1328 1769 1371 1829 ut
1394 1782 1482 1829 cum
1497 1751 1585 1856 ipsis
1599 1751 1817 1859 peregrinis,
1835 1752 1875 1827 in
1885 1753 1963 1857 ipsa

537 1885 900 1993 basilica,quampro
912 1915 1043 1963 eorum
1052 1885 1274 1992 adjumento
1286 1884 1572 1971 construximus,
1580 1880 1723 1957 ibidem
1731 1883 1964 1989 meroquies

538 2045 637 2109 cere,
656 2017 865 2095 secundum
879 2017 1047 2122 ipsorum
1064 2016 1339 2093 monachorum
1355 2014 1601 2103 voluntatem,
1620 2026 1659 2086 et
1672 2008 1744 2086 Dei
1759 2010 1960 2117 adjutorio,

535 2144 726 2225 licentiam
741 2148 881 2223 habero
899 2147 1077 2237 debeam,
1092 2161 1130 2222 et
1143 2146 1213 2251 ipsi
1230 2144 1373 2234 fratres,
1391 2144 1439 2220 dc
1454 2140 1687 2249 quibuslibet
1702 2141 1805 2235 locis,
1821 2146 1862 2219 in
1875 2173 1964 2249 prae·

536 2276 607 2353 lata
633 2275 754 2353 insula
778 2304 915 2381 corpus
935 2305 1064 2351 meum
1085 2276 1291 2368 adducere,
1319 2290 1358 2349 et
1382 2272 1526 2350 ibidem
1550 2271 1756 2350 recondere
1784 2273 1958 2354 debeant.

535 2407 605 2483 Per
620 2406 724 2514 quod
742 2406 924 2497 decerne,
947 2422 1004 2493 et,
1022 2405 1129 2512 juxta
1152 2431 1376 2481 consensum
1396 2401 1552 2481 fratrum
1575 2402 1798 2480 clericorum
1818 2406 1961 2485 Tarua-

533 2538 661 2615 nensis
677 2537 856 2629 ecclesiae,
878 2536 939 2614 vel
956 2535 1168 2615 illustribus
1188 2536 1275 2613 viris
1294 2537 1466 2643 personis
1487 2535 1690 2628 interdico,
1713 2556 1756 2616 ut
1772 2534 1851 2646 ipsa
1868 2540 1961 2617 basi·

533 2668 604 2747 lica
622 2670 693 2747 sub
718 2669 940 2747 umbraculo
960 2669 1158 2775 patrocinii
1177 2666 1323 2744 abbatis
1343 2665 1503 2758 Bertini,
1526 2666 1590 2773 qui
1608 2695 1709 2745 nune
1722 2671 1903 2776 temporis
1919 2674 1958 2751 in

532 2797 722 2874 antedicto
746 2799 974 2873 monasterio
999 2826 1155 2900 praeesse
1179 2798 1341 2889 videtur,
1359 2826 1426 2874 seu
1444 2826 1464 2872 a
1479 2797 1753 2875 successoribus
1771 2800 1863 2893 suis,
1887 2803 1959 2881 sub

533 2953 665 3002 eorum
685 2924 960 3033 gubernatione
980 2927 1163 3033 regenda,
1186 2955 1272 3001 cum
1295 2927 1422 3002 divino
1440 2927 1544 3003 cultu
1564 2926 1774 3035 affectuque
1789 2930 1957 3036 piissimo

532 3072 569 3132 et
590 3055 792 3132 dilectione
812 3082 885 3162 qua
901 3054 1026 3145 decet,
1045 3072 1182 3130 etcum
1204 3055 1310 3131 omni
1325 3056 1470 3162 integra
1483 3056 1670 3133 soliditate
1692 3058 1819 3138 insulae
1832 3060 1957 3143 Sithiu

532 3186 760 3264 monasterio
771 3185 809 3261 in
821 3185 879 3262 sui
886 3183 983 3292 juris
993 3184 1190 3263 obtineant
1199 3183 1325 3294 vigore
1335 3185 1643 3293 arbitrioque,vel
1652 3187 1956 3275 rebusiuibidem

530 3315 817 3423 aspicientibus;
837 3333 881 3393 ut
900 3344 1024 3423 neque
1049 3343 1118 3425 ego
1136 3343 1259 3422 neque
1288 3315 1389 3394 ullus
1414 3317 1676 3423 episcoporum
1701 3349 1955 3405 successorum

530 3475 720 3540 meorum,
750 3476 874 3554 neque
904 3446 1100 3553 privilegio
1121 3464 1186 3522 aut
1205 3447 1372 3525 muneris
1402 3475 1525 3539 causa,
1555 3477 1623 3553 pro
1650 3449 1730 3556 ejus
1750 3452 1954 3560 adjutorio,

529 3604 719 3656 servorum
736 3576 806 3656 Dei
819 3574 877 3652 vel
894 3576 1062 3680 ipsorum
1079 3574 1252 3653 libertato
1269 3576 1414 3685 integra
1425 3577 1659 3670 reservanda,
1673 3583 1863 3688 requirere
1877 3615 1955 3666 uon

527 3726 737 3814 praesumat.
761 3709 823 3799 Et,
852 3707 948 3783 sicut
972 3707 1214 3813 antiquorum
1237 3706 1296 3783 vel
1326 3708 1365 3782 in
1390 3736 1486 3785 novo
1511 3726 1702 3817 tempore,
1729 3720 1955 3797 monasteria

526 3842 677 3946 propria
691 3836 884 3946 privilegia
898 3853 986 3912 sunt
998 3854 1214 3928 consecuta,
1230 3838 1281 3915 ita
1301 3855 1339 3914 et
1352 3840 1460 3916 hoca
1479 3843 1753 3921 successoribus
1769 3850 1955 3927 custodia·

524 3989 605 4059 tur:
619 3988 663 4048 ut
681 3968 863 4076 quicquid
875 3969 916 4044 in
936 3967 1014 4076 ipsa
1026 3967 1177 4046 basilica
1197 3968 1256 4046 vel
1270 3968 1350 4076 ejus
1370 3972 1598 4049 monasterio
1619 3973 1762 4050 ibidem
1784 3975 1952 4073 offertur,

525 4103 604 4209 ipse
620 4101 714 4179 abba
738 4100 797 4179 vel
811 4100 985 4179 monachi
1003 4099 1147 4178 ibidem
1162 4101 1379 4193 servientes,
1398 4102 1538 4210 absque
1554 4103 1671 4184 ullius
1691 4110 1951 4190 contrarietate

523 4234 583 4310 vel
602 4234 827 4339 repetitione
853 4232 1133 4337 episcoporum,
1156 4231 1283 4321 liberi,
1312 4263 1399 4309 cum
1421 4235 1493 4312 Dei
1513 4236 1719 4342 adjutorio,
1744 4238 1817 4317 hoc
1832 4243 1951 4348 possi-

525 4364 655 4451 deant;
677 4379 729 4455 ct,
748 4364 853 4469 juxta
873 4362 979 4468 quod
998 4362 1191 4439 decretum
1217 4380 1292 4453 est,
1319 4364 1500 4473 quicquid
1522 4366 1680 4472 predicti
1698 4369 1842 4447 basilici
1866 4399 1950 4451 mo-

523 4492 633 4570 nachi
648 4492 718 4569 sub
734 4491 906 4613 libertate
924 4493 1134 4599 evangelica
1148 4492 1369 4603 regulariter
1379 4498 1554 4591 viventes,
1572 4499 1675 4609 regio
1688 4528 1865 4591 munere,
1881 4532 1949 4582 seu

523 4654 543 4701 a
557 4622 792 4733 quibuslibet
803 4622 1037 4715 Christianis,
1052 4624 1091 4703 in
1102 4626 1208 4734 agris,
1222 4626 1427 4734 mancipiis,
1447 4658 1537 4707 auro
1551 4648 1750 4738 argentove
1763 4632 1947 4743 sacrisque

521 4754 798 4848 voluminibus,
824 4754 884 4834 vel
906 4756 945 4833 in
965 4755 1251 4865 quibuscunque
1271 4760 1482 4866 speciebus,
1504 4790 1586 4868 quae
1607 4762 1655 4840 ad
1680 4782 1947 4845 ornamentum
