4478 5842
326 496 399 567 282
674 491 1077 566 cataractarum
1115 490 1395 564 srtflluttsn

324 635 429 741 quasi
445 636 492 712 ad
507 635 708 741 propriam.
721 635 820 711 Puer
833 632 1039 709 Balduinus
1049 632 1211 737 Hapkin‚
1227 660 1312 709 cum
1328 648 1446 724 matre
1462 649 1500 708 et
1514 632 1743 738 proceribus,

325 773 423 866 quasi
438 767 486 842 ad
494 774 688 870 propriam,
706 792 793 872 egre
811 763 999 854 tulerunt,
1018 780 1055 839 et
1071 762 1124 839 eis
1139 791 1182 839 se
1193 761 1433 869 accipiendas·
1442 762 1619 839 inducias
1630 784 1744 867 super

323 893 396 971 boc
419 894 672 1001 respondendi
690 893 883 971 communi
899 893 1060 970 consilio
1076 910 1315 970 censuerunt.
1333 893 1481 970 Reversi
1503 910 1592 970 sunt
1613 891 1742 969 nuncii

323 1022 464 1131 absque
490 1025 639 1101 effectu.
663 1026 835 1118 Quorum
862 1022 996 1099 famuli
1020 1022 1146 1100 sithiu
1167 1051 1187 1097 a
1210 1021 1349 1100 nostris
1365 1021 1473 1098 valde
1496 1021 1682 1127 deturpati
1703 1037 1741 1096 et

321 1153 485 1258 injuriati
505 1171 603 1231 sunt.

905 1332 1142 1406 LXXXIII.

372 1508 524 1583 Postera
536 1535 623 1583 vero
638 1508 716 1595 die,
735 1507 782 1581 de
799 1505 977 1582 omnibus
992 1534 1030 1581 se
1045 1504 1174 1581 volens
1191 1532 1364 1582 excusare
1380 1506 1494 1583 abbas
1505 1504 1740 1594 Lambertus‚

316 1664 401 1711 cum
425 1639 598 1742 episcopo
620 1637 792 1712 Iohanne
819 1652 856 1711 et
883 1664 969 1711 cum
997 1634 1206 1724 Gelduino,
1231 1653 1324 1712 tunc
1345 1637 1447 1740 apud
1472 1663 1547 1712 nos
1575 1635 1741 1723 incluso,

317 1767 463 1842 dudum
484 1767 616 1842 abbate
637 1764 918 1870 Aquiscinensi,
933 1764 980 1840 ad
995 1764 1284 1842 Cluniacensem
1302 1764 1489 1870 pervenit,
1511 1764 1739 1841 satisfaciens

313 1897 346 1972 ei
363 1897 410 1971 de
427 1896 616 1974 omnibus.
633 1896 710 1973 Sed
724 1894 999 1983 Cluniacensis,
1018 1922 1129 1969 omne
1147 1895 1180 1970 ei
1194 1895 1345 1998 pondus
1358 1895 1574 1998 imponens,
1594 1894 1688 1969 dixit
1697 1922 1737 1970 se

312 2028 586 2103 excusationem
600 2053 676 2101 non
688 2034 940 2129 accepturum,
956 2021 1028 2098 nisi
1041 2022 1186 2128 priores
1197 2023 1396 2099 Sithicnsis
1411 2021 1576 2111 cenobii,
1589 2039 1736 2126 postera

313 2155 391 2241 die,
409 2156 457 2230 ad
479 2184 517 2232 se
532 2153 784 2231 Rumiliacum
805 2153 1026 2242 adduceret,
1044 2153 1172 2258 eique,
1197 2153 1244 2227 ad
1259 2152 1527 2228 removendam
1549 2151 1595 2226 de
1613 2167 1736 2228 cetero

312 2285 588 2389 suspicionem,
606 2283 879 2391 professionem
900 2283 1075 2358 facerent.
1097 2283 1211 2377 Quod
1232 2283 1261 2359 si
1284 2281 1403 2359 nollet
1423 2281 1559 2371 facere,
1581 2279 1735 2357 Clunia-

311 2442 454 2505 censes,
485 2415 549 2522 qui
576 2431 730 2490 eatenus
752 2414 792 2489 in
814 2414 940 2491 Sitbiu
962 2412 1218 2502 morabantur,
1247 2412 1317 2489 sibi
1338 2410 1589 2488 Romiliacum
1615 2410 1734 2489 addu-

311 2562 422 2623 ceret.
1497 2554 1500 2559 ⁴

367 2674 491 2752 Abbas
516 2676 754 2763 Lambertus,
777 2703 863 2750 cum
887 2674 1063 2780 episcopo
1084 2701 1267 2762 reversus,
1295 2671 1343 2748 ad
1362 2701 1430 2748 nos
1449 2671 1580 2747 fratres
1603 2700 1737 2776 quam-

309 2804 511 2908 plurimos,
530 2806 568 2879 in
587 2805 706 2881 bocci
724 2805 982 2891 assentientes,
998 2803 1156 2880 induxit.
1174 2803 1327 2880 Audivit
1341 2804 1467 2909 itaque
1482 2802 1555 2878 hoc
1570 2800 1734 2879 castella·

310 2960 380 3006 nus
399 2933 702 3019 dudonraricola,
721 2951 758 3008 et
773 2934 895 3009 statim
913 2935 960 3009 ad
978 2934 1209 3042 adjutorium
1229 2951 1399 3010 nostrum
1417 2932 1583 3021 advenit,
1600 2959 1733 3038 magna

311 3060 603 3136 comminatione
620 3062 897 3147 contradicens,
913 3091 961 3137 ne
977 3063 1062 3168 quis
1078 3080 1247 3139 nostrum
1269 3063 1343 3140 talc
1359 3079 1604 3169 presumeret.
1623 3062 1731 3138 Unde

309 3189 507 3267 frustratus
522 3188 636 3265 abbas
650 3219 717 3267 suo
732 3184 941 3283 conamine,
951 3192 1345 3284 vocatCluniacenses,
1359 3196 1423 3300 qui
1433 3211 1524 3270 tunc
1534 3192 1730 3271 nobiscum

309 3337 429 3410 erant,
445 3320 658 3427 indicatque
678 3321 731 3398 eis
746 3321 1004 3400 Cluniacensis
1028 3339 1259 3428 preceptum.
1281 3325 1559 3431 Preparansque
1584 3324 1637 3399 eis
1656 3352 1730 3429 que

307 3451 509 3530 necessaria
526 3469 646 3543 erant,
663 3452 823 3530 ascensis
839 3453 961 3558 equis,
980 3482 1045 3531 eos
1059 3451 1309 3530 Romiliacum
1324 3454 1510 3560 perduxit.
1531 3452 1623 3533 Inde
1642 3480 1736 3529 vero·

307 3582 562 3659 Cluniacensis
580 3582 780 3674 transiens,
798 3611 919 3690 usque
940 3589 1066 3663 Leons
1081 3585 1261 3688 pervenit.

901 3840 1132 3913 cxxxrv.
1260 3792 1270 3799 ’

361 4011 533 4089 Audiens
560 4040 650 4089 vero
676 4013 773 4091 duos
803 4031 952 4091 nostros
975 4016 1197 4105 monachos,
1226 4015 1291 4120 qm
1323 4015 1496 4093 Cluuiaci
1511 4016 1594 4123 jam
1619 4033 1727 4093 antea

306 4143 460 4249 professi
485 4161 605 4232 erant,
629 4143 759 4221 adhuc
777 4142 959 4220 Attrebati
982 4144 1186 4235 demorari,
1202 4143 1327 4222 missia
1340 4144 1508 4235 cabaIIis,
1532 4174 1597 4224 eos
1618 4145 1728 4223 adse

303 4277 454 4353 vocant.
476 4275 601 4353 Abbas
619 4274 858 4365 Lambertus,
876 4291 919 4352 ut
932 4275 1005 4351 boc
1025 4274 1184 4363 audiuit,
1198 4273 1385 4367 turbatus,
1402 4276 1624 4354 Atrebatum
1644 4305 1728 4355 con·

303 4406 404 4483 citus
411 4405 528 4492 venit,
550 4421 588 4480 et
603 4404 778 4482 abbatem
794 4404 1120 4512 Aqmscineusenr,
1136 4407 1276 4511 dequo
1293 4434 1406 4511 supra
1418 4407 1726 4498 mentoravmiuo,

303 4562 392 4611 cum
408 4533 539 4610 edituo
555 4533 773 4621 Morinensi,
789 4535 838 4613 ad
854 4535 1142 4617 Cluniaceusem
1161 4537 1400 4642 premittens,
1417 4554 1549 4616 monet
1559 4554 1602 4615 ιι
1615 4536 1730 4615 ittm

302 4663 523 4744 conveniant
541 4690 586 4739 aa
604 4688 672 4739 sua
683 4682 804 4767 parte,
827 4667 1006 4772 quatinus
1021 4667 1098 4744 sibi
1114 4667 1249 4744 reddat
1262 4696 1373 4758 mosa
1390 4668 1620 4757 ainoluerit,
1636 4693 1729 4743 eum.

301 4795 491 4903 appellent
511 4795 630 4872 Rome
647 4821 770 4870 coram
790 4825 902 4903 papa,
925 4796 974 4873 de
996 4789 1239 4902 oppressione
1258 4798 1444 4877 rationem
1467 4798 1721 4879 redditurum.
