4478 5842
547 477 667 550 PARS
695 476 939 550 SECUNDA.
955 518 1003 530 —-
1020 473 1231 547 SIMONIS
1258 474 1349 545 LIB.
1377 474 1423 545 ΙΙ.
1616 472 1688 543 255

276 644 350 722 que
371 619 535 696 custodis
557 639 594 697 et
614 622 772 697 aliorum
792 621 977 728 plurium,
999 647 1086 695 mox
1104 619 1182 694 viro
1204 617 1346 723 prefato
1367 617 1408 693 id
1426 633 1597 722 petente,
1613 644 1694 691 om·

276 775 343 825 nes
357 749 576 857 quicunque
598 753 741 829 donum
760 754 832 830 hoc
853 752 1013 830 ulterius
1031 749 1278 857 infringerent
1299 747 1695 825 excommunicationis

276 895 380 983 peste
391 879 667 960 innodavimus.
681 885 767 976 Quo
781 883 897 972 facto,
914 911 1044 959 rursus
1054 882 1149 985 ipse,
1168 910 1253 958 cum
1265 881 1442 986 Hugone,
1456 880 1636 956 canonico
1649 879 1696 954 de

279 1011 430 1104 Furnis,
450 1031 487 1088 et
502 1013 605 1091 laicis
625 1015 816 1119 pluribus,
831 1015 869 1088 in
892 1011 1099 1117 capitulum
1117 1012 1232 1088 sancti
1249 1011 1391 1086 Bertini
1404 1012 1573 1100 veniens,
1592 1010 1698 1087 dedit

282 1145 441 1221 eandem
455 1145 716 1236 donationem,
732 1147 771 1222 in
787 1144 973 1251 presentia
989 1142 1164 1233 fratrum,
1180 1142 1296 1218 modo
1311 1142 1545 1247 supradicto;
1558 1160 1613 1232 ct,
1630 1142 1698 1217 illo

280 1304 410 1351 rursus
424 1274 464 1349 id
478 1276 709 1379 postulante,
732 1278 778 1352 ab
799 1275 949 1365 abbate,
974 1272 1269 1365 cumfratribus,
1292 1273 1386 1349 facta
1402 1275 1703 1351 excommunica-

281 1405 404 1495 tione,
426 1405 527 1481 idem
557 1407 822 1484 confirmatum
845 1424 912 1482 est.
934 1404 1059 1482 Abbas
1079 1434 1182 1495 vern,
1205 1406 1380 1510 precibus
1399 1422 1476 1480 tam
1497 1406 1564 1480 viri
1590 1435 1703 1511 quam

284 1535 421 1612 nostris
446 1537 704 1642 acquiescens
730 1539 856 1615 locum
879 1538 916 1612 in
945 1537 1219 1645 gubernatione
1246 1537 1402 1643 accepit,
1429 1538 1479 1613 ita
1504 1555 1548 1613 ut
1571 1537 1619 1613 de
1647 1538 1706 1614 bis

283 1694 359 1771 que
367 1667 446 1772 jam
462 1668 515 1743 ibi
533 1668 664 1745 collata
686 1688 773 1746 sunt
787 1685 851 1745 aut
870 1669 909 1743 in
929 1685 1124 1772 posterum
1141 1697 1185 1744 ex
1206 1668 1405 1745 devotione
1425 1666 1599 1744 fidelium
1618 1696 1708 1744 con-

284 1795 455 1890 ferenda,
477 1816 554 1875 tam
570 1800 731 1877 interris
746 1829 858 1906 quam
880 1800 919 1875 in
942 1798 1023 1874 aliis
1044 1798 1175 1887 rebus,
1194 1799 1293 1874 nulli
1311 1797 1488 1875 abbatum
1511 1817 1576 1875 aut
1596 1797 1707 1875 alicui

286 1956 443 2031 persone
464 1931 619 2008 facultas
644 1932 691 2008 sit
716 1932 859 2037 aliquid
881 1931 968 2006 inde
990 1929 1152 2020 auferre,
1175 1930 1402 2005 imminuere
1428 1946 1493 2006 aut
1520 1929 1709 2007 fraudare.

287 2059 482 2153 Ceterum,
498 2061 613 2139 abbas
626 2061 837 2168 providebit
857 2090 1006 2167 semper
1022 2061 1105 2137 loco
1121 2061 1252 2138 fratres
1266 2076 1324 2138 tot
1345 2080 1382 2137 et
1399 2059 1492 2137 tales
1506 2062 1588 2166 qui,
1607 2063 1712 2169 juxta

289 2190 361 2267 loci
383 2193 689 2299 possibilitatem,
715 2194 907 2272 servitium
931 2193 1018 2282 Dei,
1051 2194 1261 2269 secundum
1287 2191 1494 2268 monastice
1520 2191 1713 2299 religionis

291 2321 529 2427 dignitatem,
547 2325 703 2401 honeste
716 2325 862 2402 faciant.
876 2327 1049 2401 Preterea
1063 2323 1169 2399 dedit
1182 2324 1283 2399 idem
1300 2323 1355 2398 vir
1366 2340 1515 2400 tantum
1531 2342 1631 2401 terre
1647 2352 1712 2400 sue

291 2451 435 2558 prefato
457 2453 672 2561 abbatique
694 2457 829 2532 reddet
849 2456 1006 2559 singulis
1020 2456 1127 2530 annis
1147 2471 1223 2530 tres
1242 2453 1398 2529 firtone's
1418 2455 1579 2562 argenti3
1602 2473 1638 2531 et
1653 2456 1714 2532 ab·

291 2584 373 2674 bas,
390 2614 431 2660 ex
446 2616 512 2663 sua
523 2585 802 2679 benevolentia,
821 2588 1004 2664 concessit
1015 2585 1131 2693 priori
1151 2604 1188 2662 ct
1203 2584 1380 2662 fratribus
1394 2585 1446 2661 ibi
1467 2586 1715 2664 servientibus

292 2714 418 2793 altaris
439 2716 633 2824 portiones
653 2747 737 2805 cum
761 2717 917 2793 decimis
937 2717 1120 2792 minutis:
1141 2717 1191 2791 ita
1211 2716 1384 2792 videlicet
1411 2718 1516 2823 quod
1537 2720 1715 2797 messium

294 2864 331 2921 et
342 2875 525 2953 agnorum
536 2907 544 2935 ,
557 2848 623 2954 qui
636 2876 678 2922 ex
690 2848 833 2923 decima
846 2844 1088 2935 obvenerint,
1105 2847 1199 2924 diras
1209 2865 1332 2951 partes
1344 2847 1500 2925 habebit
1512 2849 1635 2942 abbas,
1650 2870 1720 2928 ter·
1826 2914 1829 2919 .

296 2979 390 3055 ciam
406 2996 552 3084 partem
564 2997 602 3055 et
612 2995 734 3056 cetera
746 2979 872 3055 omnia
885 3008 958 3086 que
974 2980 1022 3055 ad
1035 2979 1151 3056 altare
1165 2978 1357 3086 pertinent
1368 2979 1718 3063 fratresbabebunt.

295 3110 361 3187 Est
373 3111 500 3215 itaque
510 3109 616 3187 locus
628 3111 696 3187 iste
711 3108 804 3186 cella
817 3110 931 3187 sancti
944 3111 1088 3188 Bertini
1102 3111 1237 3199 libera,
1251 3130 1294 3188 ut
1306 3116 1637 3220 suprataxavimus,
1652 3143 1722 3225 per

297 3243 424 3318 omnia
439 3243 479 3318 in
500 3241 644 3318 abbatis
664 3243 834 3347 pendens
848 3243 1094 3349 providentia.
1118 3242 1347 3348 Quicunque
1369 3244 1483 3350 igitur
1497 3246 1593 3324 banc
1603 3250 1723 3325 sciens

297 3372 498 3449 sanctionis
518 3390 645 3449 nostre
671 3374 843 3481 paginam
872 3374 1055 3450 contraire
1077 3392 1204 3451 mente
1229 3374 1412 3452 obstinata
1433 3380 1720 3485 presumpserit,

299 3503 361 3579 bic
377 3518 415 3579 et
433 3503 474 3579 in
488 3500 618 3579 futuro
634 3503 704 3578 Dei
715 3500 857 3610 juditio
872 3506 1071 3580 anathema
1086 3505 1150 3594 sit,
1174 3505 1244 3580 nisi
1265 3506 1476 3610 resipuerit.

355 3635 435 3744 Ego
445 3638 605 3725 Pnrnus,
623 3636 695 3710 Dei
706 3636 837 3743 gratia,
854 3635 1040 3741 presbiter
1052 3636 1252 3712 cardinalis
1264 3652 1302 3712 et
1315 3656 1439 3715 sancte
1453 3639 1554 3717 sedis
1567 3669 1722 3721 romane

301 3768 460 3875 legatus,
479 3765 698 3871 subscripsi,
714 3783 769 3858 et,
782 3768 888 3873 juxta
903 3766 1051 3843 decreta
1065 3768 1262 3844 confratris
1277 3770 1395 3845 nostri
1407 3770 1604 3860 lobannis,
1617 3774 1725 3851 Mori·
1792 3766 1795 3771 ¹

302 3898 428 3973 nensis
449 3897 630 4001 episcopi,
652 3897 881 3972 confirmavi.

475 4042 620 4124 usignum
642 4043 803 4111 fossurus,
826 4043 953 4127 episcopi
973 4045 1176 4107 florinensis..

936 4247 1073 4322 XXII.

305 4411 571 4455 excurreremus
596 4412 752 4464 sonsum,
777 4413 957 4456 uonruonuu
985 4415 1135 4481 rnrspcrs.
1158 4416 1194 4456 nr
1222 4415 1328 4457 acram
1350 4415 1509 4460 ecesrmm
1532 4400 1731 4470 mercum-'ur

831 4519 870 4558 us
889 4518 1104 4561 anniversario
1126 4518 1189 4560 suo.
1319 4500 1323 4505 “

364 4675 377 4707 ι
390 4640 470 4750 Ego
479 4641 684 4734 Johannes,
699 4642 769 4719 Dei
784 4643 917 4752 gratia,
933 4642 1168 4722 Morinorum
1181 4644 1394 4752 episeopus,
1405 4663 1539 4724 notum
1552 4645 1634 4724 fieri
1644 4646 1731 4726 volo
1756 4669 1829 4724 cim
1843 4686 1867 4721 a.
1883 4684 1963 4720 nn.

307 4796 386 4862 me,
407 4770 551 4851 abbatis
566 4773 687 4852 sancti
701 4774 866 4867 Bertissi‚
887 4775 1078 4855 lamberti
1097 4777 1272 4872 nomine,
1294 4779 1469 4885 precibus
1486 4775 1728 4869 inclinatum,

1496 4905 1536 4967 30
