4478 5842
533 516 653 589 PARS
680 511 924 588 SECUNDA.
941 552 993 566 ·-
1010 507 1222 582 SIMONIS
1249 509 1342 581 LIB.
1370 509 1416 578 II.
1616 498 1690 571 299

274 658 463 736 maricolis
478 675 688 764 susceptus,
707 684 751 733 ex
765 655 839 732 hoc
855 649 1083 729 monasterio
1099 648 1171 728 sibi
1186 646 1274 726 lecit
1288 646 1516 726 municionis
1532 662 1691 722 castrum

272 789 375 865 unde
404 791 618 868 rebellaret.
654 789 742 882 Quo
768 784 915 876 audito,
943 802 1069 860 eomes
1098 776 1319 860 Willelmus
1344 782 1580 857 Normannus
1606 803 1694 851 cum

271 918 350 997 suis
377 948 466 998 eum
490 920 656 1008 obsedit,
681 914 877 994 nonnullis
897 912 1106 989 nitentibus
1125 911 1249 1019 ignem
1272 936 1473 1015 apponere.
1496 908 1590 994 Sed,
1612 908 1693 983 Deo

272 1080 341 1129 nos
362 1053 577 1159 adjuvante,
601 1067 638 1126 et
657 1047 795 1125 comite
816 1075 863 1122 ne
890 1045 963 1121 hoe
986 1043 1071 1149 quis
1092 1057 1326 1146 presumeret
1347 1039 1617 1127 comminante,
1640 1036 1694 1112 nil

272 1183 447 1288 dampni,
473 1181 539 1259 sed
558 1207 732 1287 magnam
751 1176 981 1285 incurrimus
1003 1172 1217 1259 infamiam
1239 1199 1328 1247 nam
1350 1168 1531 1246 lobannis
1551 1167 1695 1244 abbatis

273 1312 450 1399 consilio,
473 1314 537 1419 qui
558 1312 655 1388 Iorte
680 1327 772 1385 tunc
799 1307 943 1393 aberat,
967 1303 1174 1409 suspitione
1200 1300 1473 1409 quorumdam,
1495 1298 1533 1376 id
1554 1297 1692 1375 Iactum

271 1443 552 1552 perhibebatur.
581 1440 791 1519 Amoldum
815 1456 943 1517 tamen
969 1435 1091 1543 coegit
1115 1435 1268 1512 tandem
1295 1433 1411 1517 exire,
1438 1449 1475 1508 et
1488 1430 1552 1536 jus
1572 1429 1695 1508 tocius

272 1575 447 1653 Flandrie
463 1573 650 1680 abjurare;
671 1570 736 1649 sed
757 1568 921 1647 necdum
937 1567 1123 1644 malorum
1144 1566 1242 1643 linis.

918 1860 1045 1935 CVII.

604 2066 641 2106 o!
662 2059 849 2106 autonomon
870 2060 908 2101 BE
932 2060 1088 2110 mmm,
1113 2058 1216 2103 cosm
1238 2060 1356 2101 contu.

329 2242 510 2320 Videntes
537 2270 624 2318 vero
654 2239 810 2346 quidam
841 2236 1090 2315 Flandrarum
1120 2264 1294 2344 proceres
1324 2236 1501 2314 comitem
1530 2237 1709 2319 consiliio.

274 2372 617 2458 Nortmannorum,
645 2371 709 2476 qui
735 2369 769 2446 ei
794 2367 941 2475 pupillo
963 2384 1117 2446 eatenus
1140 2368 1382 2460 adheserant,
1407 2367 1535 2461 inniti,
1558 2366 1696 2445 invidia
1827 2366 1832 2373 ’

275 2503 379 2581 ducti
399 2502 458 2580 vel
477 2500 640 2607 pecunia
655 2500 805 2576 Henriei
821 2498 920 2608 regis
935 2499 1098 2589 inducti,
1115 2497 1413 2591 Theodericum,
1431 2499 1555 2576 filium
1570 2500 1698 2577 Theo-

275 2633 411 2723 derici,
437 2632 545 2708 ducis
572 2632 620 2706 de
645 2630 818 2722 Helsatb,
845 2659 961 2737 quem
984 2630 1115 2739 genuit
1142 2659 1185 2705 ex
1210 2629 1414 2722 Gertrudc‚
1441 2631 1519 2709 {ilia
1541 2633 1695 2710 Roberti
1786 2606 1789 2611 Ι

273 2763 459 2855 Frisonis,
487 2761 596 2838 vidua
624 2760 774 2836 Henrici
798 2761 1054 2852 Bruselensis,
1082 2778 1349 2853 evocaverunt3
1376 2780 1428 2856 et,
1452 2763 1485 2842 ei
1512 2762 1693 2856 faventes,

274 2892 393 2968 multa
408 2890 505 2967 mala
522 2890 799 2968 constituerunt
813 2891 852 2967 in
872 2891 1058 2968 Flandria.
1076 2892 1245 2970 Proditio
1266 2921 1446 3000 namque,
1467 2895 1694 3002 perjurium,

192 3050 208 3083 ³
257 3021 495 3115 ¹infidelitas,
516 3020 655 3099 Iederis
680 3021 961 3129 prevaricatioa
988 3020 1159 3098 Flandris
1186 3022 1429 3101 estimabatur
1455 3055 1501 3102 eo
1525 3044 1697 3133 tempore

273 3151 487 3259 prudentia.
519 3152 624 3246 Quid
647 3151 824 3228 tandem?
847 3153 936 3229 Post
954 3151 1230 3255 mrdtadecem
1254 3154 1360 3230 milia
1378 3157 1585 3249 malorum,
1610 3189 1695 3237 cum

274 3282 391 3361 valida
410 3312 525 3361 manu
542 3300 793 3374 armatorum,
816 3281 856 3359 in
880 3311 1010 3388 campo
1030 3258 1250 3389 Hackespul,
1272 3284 1492 3365 Willelmus
1509 3306 1548 3365 et
1569 3289 1696 3369 Theo-

266 3414 422 3495 'derious
447 3413 494 3491 ad
519 3412 683 3521 prelium
709 3414 959 3505 conveniunt,
986 3414 1189 3523 Iugatoque
1219 3414 1457 3493 Theoderico
1483 3447 1571 3494 cum
1596 3423 1693 3513 suis,

273 3542 471 3623 Willelmo
491 3539 600 3623 cessit
616 3544 788 3634 victoria,
812 3544 879 3621 sed
903 3544 942 3619 in
961 3543 1064 3621 brevi
1088 3545 1240 3621 victorie
1255 3575 1345 3625 usus
1365 3564 1423 3625 est
1442 3547 1575 3625 leticia.

904 3851 1061 3928 CVIII.

559 4049 596 4087 ott
619 4047 847 4089 tsrenrncrtonn
868 4051 903 4091 ΕΤ
925 4052 1093 4095 strumum
1116 4056 1263 4099 wltttttttt
1285 4058 1410 4099 contris.
1461 4018 1464 4023 ·

330 4246 372 4320 In
399 4262 517 4323 castro
540 4273 704 4352 namque
731 4245 811 4323 Alst
837 4247 953 4340 dicto,
980 4251 1261 4329 Theodericum
1287 4255 1481 4348 obsidens,
1512 4287 1598 4334 cum
1615 4263 1695 4368 jam

274 4376 490 4452 immineret
519 4376 812 4454 adversariorum
844 4379 1005 4471 deditio,
1035 4381 1265 4461 vulneratur.
1287 4386 1375 4479 Quo
1401 4389 1556 4467 vulnere
1582 4395 1694 4483 morti

274 4505 489 4611 contiguus,
505 4508 713 4586 monachus
731 4508 793 4585 hic
809 4507 985 4600 sllicitum
1007 4528 1063 4605 et,
1080 4512 1119 4590 in
1140 4514 1271 4593 Sithiu
1283 4518 1445 4599 cenobio
1461 4482 1693 4630 deportatus,

274 4633 322 4710 ad
332 4654 445 4741 caput
459 4638 633 4715 Balduini
650 4639 798 4715 dudum
815 4641 990 4721 Flandrie
1004 4645 1172 4737 comitis,
1185 4667 1271 4725 ante
1285 4678 1434 4730 emicem
1449 4657 1661 4735 tumulatur
1672 4663 1693 4735 ¹.

318 4817 325 4847 ¹
350 4819 445 4904 Hujus
460 4819 602 4883 Willelmi
615 4822 730 4883 comitis
745 4825 848 4885 tumba
861 4847 1023 4890 marmorea
1039 4830 1133 4892 videri
1141 4843 1244 4914 potest
1260 4834 1295 4896 In
1311 4857 1398 4921 may.
1418 4838 1482 4898 cod.

580 4962 587 4978 .
1412 4939 1460 5001 38.
