4478 5842
550 438 557 459 '
595 484 728 554 raas
754 480 1009 555 secunus.
1029 479 1312 551 -sruours
1337 480 1436 551 nra.
1464 482 1513 551 n.
1694 484 1763 550 221
1795 541 1796 544 ,

356 623 474 708 niam,
490 621 541 697 ob
561 622 774 697 remedium
790 621 914 696 anime
934 648 1018 696 mee
1040 637 1079 695 et
1098 616 1243 695 domini
1268 619 1343 693 mei
1358 618 1532 695 Balduini
1553 621 1714 708 comitis,
1733 638 1770 695 et

354 751 467 854 patris
486 779 527 826 ac
547 752 677 827 matris
697 742 799 840 mee,
823 777 970 826 necnon
991 748 1159 826 Anselini
1179 746 1302 823 fratris
1320 747 1414 838 mei,
1437 747 1620 824 allodium
1641 776 1768 824 meum

353 881 392 955 in
418 880 505 956 villa
529 881 774 986 Lustinghem
800 880 899 956 dicta
909 885 931 967 1,
953 879 1128 954 videlicet
1150 896 1267 954 terras
1289 877 1370 953 illas
1398 907 1489 982 quas
1511 877 1768 966 Amalbertus,

353 1013 578 1088 Heremarus
600 1029 637 1087 et
653 1014 881 1118 Regemarus
897 1012 935 1086 in
952 1039 1042 1086 usus
1057 1037 1163 1085 meos
1181 1008 1374 1099 excolunt,
1395 1009 1443 1084 ita
1462 1009 1618 1085 omnino
1635 1008 1771 1084 liberas

353 1168 394 1215 ac
406 1142 567 1251 quietas,
581 1141 675 1216 sicut
690 1168 758 1245 ego
772 1139 963 1244 possiden,
975 1140 1056 1215 Deo
1068 1155 1269 1241 sanctoque
1285 1138 1454 1225 Bertino,
1470 1167 1511 1214 ac
1526 1140 1661 1213 sanctis
1676 1136 1767 1213 inihi

353 1269 651 1371 quiescentibus,
673 1296 717 1343 ex
731 1268 877 1374 integro
889 1267 1010 1343 trado.
1027 1268 1129 1342 Hanc
1144 1294 1230 1342 vero
1250 1265 1492 1343 traditionem
1509 1266 1548 1340 in
1567 1266 1769 1370 sollempni

354 1396 454 1471 curia
469 1397 622 1473 Roberti
639 1396 802 1485 comitis,
820 1395 974 1500 ejusque
991 1423 1170 1501 generose
1187 1394 1356 1499 conjugis
1370 1395 1597 1481 Clementia,
1615 1395 1772 1469 lecimus

353 1524 391 1599 in
408 1523 561 1628 publico
577 1524 718 1600 scilicet
736 1522 909 1622 fidelium
926 1524 997 1599 Dei
1014 1538 1197 1598 conventu
1214 1522 1474 1626 episcoporum
1496 1541 1532 1598 et
1546 1524 1757 1628 principum
1855 1619 1858 1625 Ι

352 1653 398 1728 Et
426 1680 473 1727 ne
501 1652 637 1728 fiituris
661 1650 902 1756 temporibus
929 1651 1115 1755 quispiam
1146 1650 1219 1726 hoc
1249 1642 1451 1759 infringere
1484 1654 1772 1756 presumpserit,

353 1779 547 1856 reverendi
573 1780 737 1886 episcopi
763 1779 952 1855 lohannes
973 1778 1199 1855 Morinensis
1223 1796 1334 1884 atque
1356 1777 1578 1855 Lambertus
1604 1779 1774 1856 Attrcba-

352 1910 483 1999 tensis,
509 1938 528 1985 a
548 1910 659 1986 nobis
676 1908 814 2013 rogati,
836 1909 1092 1985 incommune
1110 1908 1516 1986 anathematizaverunt
1534 1927 1571 1984 et
1588 1909 1774 2015 subscrip-

354 2053 495 2113 serunt.
516 2038 594 2144 Ego
620 2037 737 2111 eciam
757 2034 958 2123 llohertus,
986 2034 1055 2112 Dei
1073 2036 1207 2141 gratia,
1230 2035 1518 2113 Flandrensium
1543 2067 1685 2128 comes,
1700 2039 1773 2114 hoc

227 2228 229 2233 .
355 2165 533 2269 scriptum
557 2164 721 2255 firmavi,
746 2180 784 2240 et
809 2164 932 2271 sigillo
953 2191 1039 2241 meo
1061 2164 1301 2270 consignans,
1324 2166 1473 2269 eosqui
1496 2164 1774 2244 subscriberent

350 2294 456 2400 jussi.
473 2295 676 2371 Decretum
693 2295 807 2401 igitur
821 2310 899 2370 tam
915 2323 935 2369 a
951 2323 1013 2369 me
1033 2312 1087 2371 est
1103 2323 1217 2399 quam
1233 2292 1280 2369 ab
1298 2293 1479 2399 episcopis
1499 2296 1770 2399 suprascriptis,

356 2422 563 2528 ceterisque
583 2422 761 2499 fidelihus
781 2423 892 2509 meis,
911 2440 954 2499 ut
973 2425 1188 2528 quicunque
1209 2423 1281 2499 hoc
1298 2412 1500 2529 infringere
1519 2426 1769 2527 temptaverit,

355 2550 600 2658 quadraginta
619 2550 755 2627 libras²
779 2550 906 2627 comiti
927 2551 1131 2654 persolvat,
1157 2551 1207 2625 ita
1221 2568 1348 2627 tamen
1367 2568 1411 2626 ut
1430 2578 1517 2626 reus
1537 2578 1580 2626 ex
1599 2550 1672 2626 hoc
1691 2553 1772 2628 Deo

355 2679 560 2756 satisfaciat.
583 2680 694 2787 Signa
714 2707 845 2755 eorum
865 2678 930 2785 qui
950 2678 1266 2800 subscripserunt:

523 2877 668 2959 «Signum
689 2877 913 2948 Cumauam,
932 2879 1128 2941 archidiaconi
1142 2879 1360 2941 dttrebatensis.
1375 2880 1499 2962 Signum
1515 2880 1677 2951 sanaem,
1693 2884 1773 2943 Wat-

564 2980 698 3039 tiniensis
708 2981 855 3063 prepositi.
869 2979 993 3061 Signum
1010 2980 1153 3051 sta1rrn1,
1167 2981 1341 3065 cappellani.
1359 2982 1482 3062 Signum
1498 2983 1611 3042 comitis
1623 2981 1774 3044 Gisnensis

565 3077 722 3141 Marassrs.
747 3080 870 3162 Signum
890 3080 1042 3151 Onomar,
1062 3082 1195 3165 dapiferi.
1216 3082 1341 3165 Signum
1366 3084 1456 3153 Hosr,
1481 3085 1626 3168 pincerna.
1649 3084 1774 3168 Signum

565 3178 729 3251 aramei,
744 3181 1004 3244 connestabellarii.
1021 3181 1078 3242 Alii
1093 3186 1188 3246 eciam
1200 3184 1287 3245 mirlti
1302 3185 1496 3248 interfuerunt
1511 3183 1613 3248 testes'

413 3422 548 3498 «Facta
568 3440 624 3500 est
639 3442 764 3501 autem
783 3426 852 3503 hec
874 3428 1026 3505 donatio
1051 3429 1312 3534 sollempniter
1331 3431 1430 3535 apud
1449 3434 1600 3537 Bergae,
1623 3435 1660 3507 in
1682 3436 1776 3509 Pen-

356 3566 543 3643 tecosten,
560 3580 658 3629 anno
674 3551 720 3628 ab
736 3555 990 3633 incarnatione
1001 3558 1156 3665 quini
1167 3558 1371 3636 millesimo
1382 3560 1585 3636 centesimo
1596 3562 1772 3651 secundo,

357 3676 561 3787 indictione
575 3680 735 3786 decima,
752 3682 844 3759 feria
857 3686 1036 3777 secunda,
1053 3704 1231 3792 regnante
1244 3690 1472 3764 Francorum
1486 3717 1571 3796 rege
1587 3690 1773 3797 Philippo.

356 3808 529 3884 Preterea
543 3825 659 3886 terras
674 3810 756 3886 illas
771 3841 861 3916 quas
874 3814 1076 3893 Ancelinus
1086 3817 1212 3895 Veltre
1228 3836 1339 3923 atque
1352 3819 1571 3898 Willelmus
1585 3849 1628 3896 ex
1640 3820 1774 3898 eodem

358 3933 625 4013 Claremboldo
654 3937 891 4028 habuerunt,
920 3959 964 4016 ut
990 3942 1131 4019 scilicet
1151 3944 1197 4021 ab
1222 3946 1354 4022 abbate
1379 3952 1549 4038 teneant,
1570 3950 1651 4026 Deo
1672 3978 1776 4026 sanc-

356 4078 472 4166 toque
492 4064 645 4141 Bertino
662 4068 852 4143 concessit.
871 4068 1035 4149 Recitata
1057 4088 1116 4147 est
1135 4089 1174 4147 et
1192 4074 1410 4150 confirmata
1426 4076 1497 4152 hec
1516 4095 1613 4153 carta
1634 4079 1773 4168 Remis,

358 4191 397 4265 in
414 4190 528 4296 pleno
548 4194 723 4286 concilio,
740 4195 984 4275 subterrihili
994 4200 1250 4309 anathematis
1268 4204 1575 4310 interpositione,
1596 4236 1617 4283 a
1634 4209 1775 4286 domno
1829 4268 1833 4277 .

359 4322 573 4428 liudulpho,
596 4325 766 4432 ejusdem
784 4326 890 4405 urbis
908 4332 1116 4410 reverendo
1142 4333 1435 4441 archiepiscopo,
1454 4354 1492 4413 et
1515 4365 1535 4414 a
1556 4304 1777 4444 conprovin-

403 4563 409 4593 ¹
434 4565 528 4630 Habet
539 4569 657 4631 ecclesia
668 4573 762 4633 sancti
772 4572 883 4636 Barcini
890 4574 1039 4659 justiciam
1143 4576 1153 4606 ¹
1175 4577 1257 4639 Alias
1276 4601 1320 4643 aa.
1336 4579 1383 4642 Sic
1400 4584 1430 4641 in
1446 4581 1515 4645 Cod.
1540 4582 1668 4645 secunda
1687 4607 1778 4645 manu

359 4664 462 4736 altam,
475 4670 602 4732 mediam
613 4682 642 4732 et
651 4670 782 4744 bassam.
794 4689 879 4756 prout
890 4682 1038 4759 repertum
1095 4680 1245 4765 scriptum.

359 4770 443 4829 estin
456 4773 599 4834 veteribus
612 4774 960 4862 cartulariislnmatgina
971 4777 1036 4842 Cod.
1158 4816 1161 4821 ·
