4478 5842
320 475 393 546 266
664 474 1075 548 CHARTULARIUM
1111 473 1396 548 SITHIENSE.

319 635 355 692 et
369 616 466 692 bene
481 615 766 721 morigeratum,
784 615 909 721 elegit.
932 604 1054 691 Sedis
1067 631 1105 690 et
1124 613 1306 691 electores
1322 630 1359 689 et
1374 612 1598 691 electionem
1614 613 1737 691 altiori

319 746 474 824 consilio
488 746 716 851 repudiavit,
739 746 827 852 quia
846 745 985 821 electos
1006 773 1094 822 suos
1108 773 1222 851 quam
1235 744 1485 852 ignominiose
1501 746 1737 823 tractaverint

316 877 524 983 prudenter
539 875 795 952 consideravit.
811 874 888 951 lllis
901 902 987 950 vero
1004 873 1119 950 alium
1136 873 1379 981 eligentibus,
1397 873 1489 953 facta
1505 893 1561 952 est
1576 876 1624 952 de
1640 876 1737 953 elec-

315 1009 417 1084 tione
440 1006 630 1083 dissentio.

975 1242 1078 1316 LVI.

649 1480 685 1519 DE
708 1477 864 1518 mntc'rlotttt
884 1477 1042 1527 Jonattrtls,
1065 1477 1191 1521 nr1soort
1215 1478 1400 1522 uoutttttrtsls.

371 1678 532 1754 Abbates
560 1705 723 1785 namque
753 1674 1061 1755 archidiaconum
1089 1675 1389 1754 Attrebatensem
1421 1676 1649 1766 iohannem,
1686 1676 1733 1753 de

314 1825 443 1883 monte
463 1807 578 1885 sancti
597 1806 708 1916 Eligii
730 1807 940 1915 regularem
962 1805 1201 1893 canonicum,
1223 1805 1351 1915 lingua
1367 1804 1500 1898 latina,
1522 1833 1675 1882 romana
1696 1822 1742 1917 et·

311 1937 531 2014 theutonica
560 1939 729 2044 adprime
750 1938 964 2029 eruditum,
988 1964 1189 2043 personam
1215 1935 1477 2042 spectabilem,
1504 1936 1732 2042 prudentem

311 2085 348 2143 et
361 2069 592 2175 religiosam
609 2068 734 2146 clerici
747 2096 835 2145 vero
847 2068 1032 2147 Obertum
1049 2068 1096 2144 de
1109 2067 1218 2158 Hela,
1236 2068 1323 2146 satis
1337 2066 1525 2146 inferioris
1542 2091 1735 2144 commen·-

310 2198 487 2289 dationis,
510 2197 717 2305 elegerunt.
733 2201 818 2292 Quc
834 2197 1024 2275 contentio
1039 2196 1276 2274 terminanda
1292 2196 1363 2274 luit
1377 2197 1596 2274 universalis
1610 2196 1735 2302 ponti·

310 2327 389 2403 sicis
401 2327 555 2434 juditio.
577 2330 664 2404 Pars
678 2327 792 2434 igitur
807 2343 966 2433 utraque
986 2328 1144 2403 Romam
1163 2324 1424 2432 proficiscitur.
1457 2341 1460 2347 '

955 2628 1085 2703 LVll.

364 2851 471 2924 Pater
490 2852 729 2937 Lambertus‚
754 2851 904 2927 duobus
925 2849 1126 2927 abbatibus
1145 2877 1272 2925 secum
1289 2847 1572 2938 comitantibus,
1595 2846 1731 2931 fretus-

307 3004 380 3081 que
409 2976 543 3055 litteris
568 3009 634 3055 sue
658 2995 696 3054 et
717 2980 866 3056 meliori
892 2979 988 3083 parti
1009 2978 1318 3087 suffragantibus,
1339 2978 1551 3058 Clementie
1571 2977 1727 3065 scilicet,

305 3109 334 3181 F
337 3107 551 3183 laudrarum
565 3108 768 3197 comitisse,
783 3107 938 3197 Morini,
955 3136 1042 3183 cum
1058 3136 1127 3184 suo
1144 3107 1282 3199 electo,
1300 3107 1403 3185 nuda
1416 3136 1506 3185 voce
1522 3107 1670 3197 armati,
1682 3106 1729 3182 ad

306 3238 505 3343 Hugouem
530 3238 736 3343 Dyensem,
759 3236 823 3342 qui
843 3252 934 3312 tunc
959 3235 1048 3312 clari
1079 3238 1244 3314 nominis
1263 3236 1304 3313 in
1331 3236 1485 3316 ecclesia
1506 3236 1728 3327 habebatur,

303 3394 517 3472 pervenere.
543 3368 661 3474 (lujus
686 3365 860 3457 consilio,
892 3365 955 3443 ille
988 3365 1131 3445 electus
1164 3366 1329 3445 Obertus
1355 3395 1525 3445 reversus
1549 3385 1617 3445 est.
1643 3369 1730 3444 Pars

302 3526 389 3574 vero
416 3517 574 3605 utraque
600 3500 755 3574 Romam
780 3498 961 3604 pervenit.
988 3496 1151 3576 Abbates
1170 3499 1296 3606 itaque
1317 3524 1467 3576 causam
1486 3526 1592 3575 suam
1608 3499 1646 3575 in
1667 3528 1730 3576 cn-

302 3629 356 3703 ria
376 3629 615 3735 explicantes,
633 3628 742 3705 citius
765 3646 853 3706 sunt
870 3627 991 3705 auditi
1008 3645 1046 3706 et
1061 3627 1240 3722 exauditi,
1262 3627 1349 3735 quia
1361 3628 1497 3707 litteris
1511 3627 1652 3736 prefate
1666 3658 1730 3707 co-

303 3759 444 3836 mitisse
458 3760 624 3836 roborati
638 3760 737 3862 (nam
753 3758 889 3866 conjux
909 3759 1005 3866 ejus,
1022 3758 1155 3866 junior
1174 3758 1376 3851 Robertus,
1392 3776 1484 3837 tunc
1499 3757 1728 3837 lerosolimis

303 3888 542 3994 morabatur),
565 3905 602 3966 et
621 3889 777 3994 predicti
796 3889 965 3997 Hugonis
986 3889 1207 3966 auctoritate
1228 3889 1400 3979 animati,
1424 3890 1632 3996 domnique
1651 3889 1729 3967 An-

303 4019 428 4109 selmi‚
449 4019 713 4126 archipresulis
732 4013 1031 4112 Cantuariensis,
1053 4019 1122 4096 viri
1137 4048 1206 4126 per
1226 4038 1360 4099 cuncta
1379 4019 1597 4108 laudabilis,
1611 4049 1726 4127 quem

304 4148 437 4257 Anglia
461 4150 659 4256 expulsum
689 4180 709 4225 a
729 4149 930 4229 Willelmo
956 4148 1054 4233 Rufo
1080 4149 1211 4257 ibique
1236 4151 1449 4228 exulantem
1472 4148 1724 4243 offenderant,

304 4279 441 4355 auxilio
463 4280 677 4366 confortati,
702 4280 813 4357 citius
833 4281 1079 4384 impetravere
1097 4280 1148 4356 ad
1169 4280 1274 4386 quod
1297 4296 1486 4358 venerant.
1505 4282 1580 4358 Nec
1602 4307 1726 4370 mora,

303 4434 386 4510 pars
410 4410 561 4486 adversa
587 4409 708 4516 capud
736 4410 853 4501 flexit,
872 4409 1085 4516 nostrisque
1113 4409 1314 4488 consensit.
1334 4409 1484 4503 Quibus
1499 4411 1540 4487 in
1559 4410 1726 4517 idipsum

184 4518 186 4521 ¹
303 4538 625 4615 consentientibus
638 4568 724 4615 cum
740 4539 953 4646 apostolicis
969 4538 1234 4629 munimentis,
1251 4541 1491 4618 Taruennam
1504 4539 1724 4634 redeuntes,

302 4667 527 4750 electionem
548 4669 719 4745 omnium
735 4698 919 4750 consensu
931 4669 1221 4762 confirmavere,
1241 4671 1479 4780 electumque
1495 4699 1608 4751 suum
1623 4669 1727 4749 dom·

255 4794 257 4798 ⁸
303 4827 395 4875 num
410 4800 637 4886 iohannem,
652 4788 739 4875 cum
761 4828 835 4907 qua
855 4799 1013 4879 decebat
1033 4797 1338 4897 honorificentia,
1353 4829 1424 4881 suo
1443 4820 1616 4909 tempore
1634 4825 1726 4898 con·
