4478 5842
536 498 608 568 252
877 496 1286 569 CHARTULARIUM
1322 498 1626 597 ΒΙΤΗΙΕΝΘΕ.ί
1670 567 1674 573 ,

532 636 745 713 belvacensi
768 635 959 741 episcopo,
982 636 1141 712 salutem
1168 655 1205 713 et
1229 637 1468 743 apostolicam
1492 640 1809 717 benedictionem.
1838 644 1952 719 lusti-

534 767 626 843 ciam
657 795 676 841 a
701 785 737 842 te
762 766 865 873 diligi
896 766 1023 843 multis
1043 767 1122 872 jam
1147 769 1413 872 experimentis
1435 768 1653 858 didicimus;
1683 770 1821 847 idcirco
1847 772 1950 877 quod

527 898 677 1002 justicie
696 916 751 973 est
765 896 973 972 strenuitati
995 914 1059 973 tue
1075 898 1314 973 confidenter
1333 898 1547 976 indicimus.
1569 902 1612 976 ln
1629 903 1816 1006 presentia
1835 901 1951 1008 siqui-

534 1029 620 1103 dem
651 1045 715 1103 tua
751 1045 787 1103 et
821 1028 981 1103 aliorum
1014 1028 1340 1133 coepiscoporum,
1371 1028 1474 1106 lilius
1505 1047 1633 1107 noster
1666 1032 1781 1107 sancti
1809 1032 1951 1109 Bertini

532 1157 645 1233 abbas
659 1158 877 1233 Lambertus
891 1158 1166 1263 possessionem
1180 1159 1386 1263 quandam,
1405 1188 1479 1265 que
1490 1160 1733 1238 Hubertuisin
1745 1162 1892 1252 dicitur,
1910 1163 1949 1238 in

531 1287 616 1362 villa
629 1289 736 1379 Buri,
753 1287 979 1365 monasterio
996 1316 1063 1364 suo
1079 1288 1350 1364 rationabiliter
1364 1289 1567 1367 vindicasse
1584 1291 1818 1398 significavit,
1837 1320 1949 1398 quam

531 1420 640 1524 Hugo
658 1419 812 1524 quidam
836 1420 882 1494 de
903 1419 1014 1508 Euri,
1032 1417 1169 1494 auxilio
1186 1418 1378 1510 Fulconis,
1396 1419 1465 1495 filii
1482 1419 1609 1509 Ebali,
1631 1422 1814 1498 violenter
1826 1438 1949 1512 tenet3

530 1550 632 1624 unde
655 1550 772 1625 eciam
793 1578 813 1624 a
833 1549 955 1654 legato
977 1566 1106 1624 nostro
1129 1547 1337 1638 Celestino,
1363 1549 1575 1626 Prinestino
1600 1551 1795 1656 episcopo,
1819 1552 1859 1629 in
1880 1554 1952 1628 Re-

531 1679 650 1754 mensi
669 1677 827 1754 concilio
843 1679 1185 1755 excommunicatus
1200 1679 1387 1754 asseritur.
1409 1681 1528 1754 Tuam
1549 1679 1664 1786 igitur
1683 1681 1949 1784 experientiam

531 1836 731 1884 monemus
746 1825 783 1883 et
797 1808 1041 1914 precipimuS,
1058 1823 1116 1898 ut,
1138 1808 1233 1883 sicut
1247 1807 1316 1884 tibi
1329 1826 1417 1884 nota
1430 1826 1504 1898 est,
1517 1809 1705 1915 justiciam
1721 1810 1948 1886 monasterio

531 1937 733 2042 exequaris.
758 1940 832 2015 Nec
850 1938 976 2014 solum
997 1937 1440 2027 excommunicationem,
1463 1968 1536 2044 que
1557 1940 1597 2014 in
1615 1941 1813 2047 Hugonem
1837 1939 1948 2017 illum

531 2085 568 2143 et
587 2068 751 2144 lautores
773 2071 854 2176 ejus
877 2069 1010 2143 dictata
1038 2086 1114 2156 est,
1132 2085 1275 2156 teneas,
1299 2068 1365 2142 sed
1385 2070 1423 2143 in
1442 2087 1519 2145 tota
1534 2068 1618 2145 villa
1640 2072 1739 2176 Bury
1759 2088 1797 2145 et
1818 2048 1949 2147 inlota

529 2216 627 2273 terra
640 2196 816 2274 Fulconis
831 2197 951 2274 officia
967 2197 1091 2272 divina
1104 2195 1322 2301 prohibeas,
1341 2197 1462 2273 donec
1473 2200 1699 2276 monasterio
1715 2200 1947 2276 satisfaciant.

588 2330 707 2404 «Data
725 2329 935 2415 Ferentini,
955 2327 1087 2433 quinto
1103 2326 1188 2403 idus
1211 2327 1416 2403 octobris.»

1188 2606 1298 2680 XLI.

727 2789 848 2829 LITTERE
868 2788 1023 2836 tonsuram.
1047 2787 1173 2830 uniscunt
1196 2787 1384 2837 molimensis,
1406 2788 1444 2827 ΔΙ)
1466 2788 1633 2830 Pascuntur«
1655 2788 1758 2830 ΡΔΡΛΙΙ.

590 3003 601 3031 ι
615 2967 766 3041 Domno
779 2995 820 3040 ac
828 2966 923 3069 patri
935 2994 1003 3040 suo
1018 2965 1200 3055 Pascbali,
1213 2965 1416 3041 venerabili
1428 2996 1521 3072 pape
1530 3031 1538 3058 ,
1547 2970 1723 3054 loannes,
1739 2967 1809 3044 Dei
1822 2967 1949 3076 gratia,

533 3094 768 3170 Morinorum
783 3095 988 3199 opiscopus,
1006 3093 1170 3169 debitam
1189 3123 1274 3168 curn
1292 3096 1524 3170 orationibus
1535 3075 1802 3172 obedientiam.
1821 3099 1952 3174 Neces-

531 3227 671 3302 sarium
698 3225 874 3300 duximus
894 3223 1082 3300 serenitati
1104 3223 1335 3329 paternitatis
1356 3241 1475 3299 vestre
1498 3224 1750 3314 innotescere,
1776 3226 1949 3302 abbatem

533 3355 648 3433 sancti
667 3355 828 3446 Bertini,
855 3353 1085 3431 Taruanensi
1105 3351 1258 3430 ecclesie
1285 3352 1506 3428 omnimodo
1530 3352 1743 3443 subditum,
1765 3353 1950 3443 Cluniaci,

532 3516 594 3564 me
616 3487 770 3564 nolente
792 3515 833 3562 ac
854 3484 1097 3591 prohibente,
1122 3480 1393 3590 professionem
1410 3481 1555 3589 ¹secisse.
1578 3482 1670 3571 Sed,
1693 3511 1778 3558 cum
1798 3484 1846 3560 de
1865 3512 1953 3590 pro-¹

422 3632 425 3637 ’
531 3592 645 3694 ventu
672 3618 853 3723 cujusque
884 3616 1028 3691 ordinis
1056 3614 1259 3722 gaudeam,
1286 3630 1323 3688 et
1352 3611 1511 3688 maxime
1540 3612 1755 3703 monastici,
1786 3614 1950 3693 concessi

533 3747 776 3855 postmodum
799 3771 973 3818 monacos
994 3743 1108 3817 sancti
1125 3742 1265 3819 Bertini
1289 3740 1487 3847 disciplina
1507 3741 1764 3818 Cluniacensis
1788 3742 1949 3835 ordinis,

533 3877 622 3950 inde
634 3869 751 3945 allata
772 3872 818 3947 ab
840 3870 973 3948 abbate
994 3900 1079 3960 suo,
1108 3869 1256 3977 disponi
1278 3888 1316 3967 et
1339 3871 1430 3980 regi.
1450 3872 1492 3947 ln
1509 3899 1592 3946 mea
1613 3871 1730 3947 eciam
1752 3888 1789 3946 et
1804 3871 1951 3949 comitis

533 4001 719 4108 presentia
742 4018 923 4078 statutum
950 4017 1022 4092 est,
1052 4001 1245 4077 monachis
1272 4001 1533 4108 ignorantibus
1563 4018 1601 4077 et
1622 4000 1792 4106 capitulo,
1810 4003 1951 4101 Tarua-

534 4133 640 4210 nensi
660 4133 892 4224 inconsulto,
919 4133 1027 4239 cujus
1048 4131 1205 4209 consilio
1229 4130 1311 4207 [ieri
1334 4132 1546 4223 debuisset,
1569 4132 1702 4208 abbate
1723 4129 1837 4206 sancti
1862 4132 1951 4207 Ber-

532 4266 601 4342 tini
619 4263 937 4371 defunct0,'qu0d
953 4263 992 4339 in
1009 4262 1164 4340 ecclesia
1180 4261 1420 4339 Cluniacensi
1436 4290 1618 4338 monacus
1639 4260 1851 4366 eligeretur,
1871 4261 1948 4349 cui,

534 4424 634 4471 ame
654 4396 711 4472 vel
737 4425 755 4471 a
777 4422 988 4472 successore
1016 4421 1122 4486 meo,
1145 4393 1194 4470 ad
1221 4393 1542 4474 conservationem
1567 4390 1823 4468 Cluniacensis
1847 4389 1951 4467 ordi·
2044 4501 2047 4506 ³

534 4525 607 4618 nis,
635 4526 740 4632 quasi
763 4525 1006 4632 promptiori,
1024 4523 1183 4607 ,abbatia
1213 4524 1527 4613 committeretur,
1554 4521 1594 4599 in
1622 4520 1801 4597 omnibus
1823 4538 1950 4618 tamen

533 4655 630 4734 salvo
642 4657 728 4764 jure
744 4656 995 4733 Taruanensis
1010 4656 1177 4734 ecclesie.
1196 4655 1320 4734 Abbas
1332 4681 1420 4730 vero
1431 4651 1688 4731 Cluniacensis
1704 4680 1788 4727 cum
1805 4649 1951 4728 noviter
2026 4651 2030 4657 ’

534 4788 579 4864 ad
599 4805 721 4893 partes
741 4803 903 4879 nostras,
918 4785 1090 4863 visitandi
1101 4786 1216 4894 gratia
1232 4784 1404 4862 ecclesias
1425 4812 1525 4873 suas,
1543 4781 1720 4873 venisset,
1742 4783 1771 4858 F
1772 4780 1949 4858 landren-
