4478 5842
610 487 730 560 PARS
755 487 927 559 PRIMA.
948 528 997 543 -
1016 485 1264 577 FOLQUlNl
1291 489 1382 561 ΗΒ.
1409 492 1455 559 ll.
1686 491 1734 561 85

992 726 1059 801 IV.

373 890 460 965 «ln¹
478 893 632 970 nomine
649 892 768 970 Patris
784 909 822 967 et
836 888 921 967 Filii
940 909 977 968 et
998 891 1161 997 Spiritus
1180 892 1319 969 Sancti.
1336 893 1415 1001 Ego
1431 891 1650 1001 Folquinus,
1667 891 1737 969 Dei
1777 938 1810 972 20
1818 918 1878 992 jun.
1898 919 1959 987 839.

315 1019 449 1125 gratia,
472 1012 710 1100 Morinorum
732 1021 947 1127 episcopus,
972 1022 1151 1098 omnibus
1175 1021 1353 1099 fidelibus
1371 1040 1448 1098 tarn
1467 1022 1604 1099 futuris
1623 1051 1738 1129 quam

315 1152 563 1251 presentibus.
577 1152 782 1259 Quicquid,
795 1151 845 1226 ob
853 1179 1022 1227 amorem
1035 1151 1107 1228 Dei
1119 1151 1320 1256 exigentes,
1333 1152 1586 1228 reiveritatem
1595 1181 1738 1230 memo-

314 1279 380 1354 riae
393 1279 609 1359 futurorum
630 1282 864 1360 noscendum
888 1280 1171 1386 reliquerimus,
1193 1279 1298 1361 valde
1320 1280 1362 1356 id
1385 1281 1582 1357 animabus
1601 1283 1737 1359 nostris

315 1408 559 1514 profuturum
575 1440 786 1518 speramus,
804 1411 897 1487 dum
916 1427 954 1485 et
968 1438 1054 1485 vera
1073 1410 1344 1488 innotescimus
1362 1427 1399 1486 et
1414 1409 1541 1487 falsata
1556 1411 1737 1517 dampna-

317 1567 413 1617 mus.
436 1543 573 1618 Melius
594 1560 650 1619 est
668 1541 771 1616 enim
793 1540 915 1644 ipsam
934 1539 1128 1614 veritatem
1154 1539 1202 1614 ad
1226 1537 1377 1618 laudem
1391 1539 1461 1615 Dei
1480 1541 1734 1629 manifestare,

316 1698 428 1775 quam
454 1699 523 1775 pro
548 1671 653 1747 lucro
675 1686 740 1745 aut
762 1667 916 1774 negotio
937 1683 1089 1743 terreno
1116 1695 1198 1741 eam
1225 1665 1363 1757 celare,
1390 1696 1437 1743 ne
1458 1669 1598 1746 scilicet
1619 1674 1736 1748 homo

316 1818 488 1903 peccator
508 1800 688 1878 offensam
706 1797 776 1877 Dei
798 1816 836 1874 et
851 1813 1066 1873 sanctorum
1080 1796 1170 1902 ejus
1189 1796 1229 1871 in
1251 1797 1323 1873 hoc
1342 1798 1513 1875 videatur
1532 1800 1735 1879 incurrere.

315 1929 730 2038 lgituregoFolquinus,
739 1929 948 2034 episcopus
957 1927 1383 2036 suggestioneHugonis‚
1391 1928 1738 2017 abbatisSithiensis

319 2061 492 2154 coenobii,
506 2062 609 2166 quod
627 2077 682 2138 est
696 2075 954 2159 constructum
968 2058 1007 2133 in
1023 2055 1145 2135 insula
1159 2040 1296 2150 Sithiu,
1309 2058 1507 2136 inhonore
1523 2062 1622 2140 beati
1638 2064 1737 2141 Petri

300 2190 496 2303 'principis
509 2191 784 2297 apostolorum,
800 2189 867 2266 ubi
881 2189 1015 2266 beatus
1029 2189 1205 2266 Bertinus
1221 2216 1376 2295 corpore
1392 2190 1567 2295 quiescit;
1579 2222 1737 2300 perpen-

300 2290 416 2397 *dens
436 2322 657 2430 injustitiam
677 2320 949 2398 lacrimabilem
967 2349 1081 2426 quarn
1108 2319 1340 2427 Fridogisus,
1367 2321 1609 2425 predecessor
1625 2351 1737 2428 supra

319 2451 516 2528 memorati
530 2449 689 2545 abbatis,
708 2452 833 2528 eidem
850 2468 978 2528 sancto
995 2450 1079 2528 loco
1094 2449 1291 2541 intulerat,
1305 2465 1385 2526 tota
1400 2450 1612 2528 intentione
1629 2481 1737 2529 exco-

317 2581 434 2688 gitare
453 2582 550 2688 cepi,
569 2581 732 2690 qualiter
751 2582 918 2658 eundem
936 2579 1062 2656 locum
1083 2582 1131 2656 ad
1148 2580 1349 2686 pristinum
1368 2580 1552 2656 bonorem
1573 2581 1735 2660 valerem

317 2711 511 2789 reducere.
522 2711 710 2791 Omnibus
722 2729 821 2788 certe
830 2726 1029 2787 notumest
1037 2709 1227 2801 fidelibus,
1238 2710 1417 2816 quoniam
1427 2713 1543 2788 sancti
1552 2712 1736 2791 confesso-

317 2869 376 2918 res
389 2843 529 2920 Christi
540 2840 779 2919 Audomarus
794 2859 906 2949 atque
920 2841 1108 2931 Bertinus,
1124 2841 1217 2916 dum
1233 2841 1359 2917 adhuc
1373 2840 1413 2915 in
1429 2869 1584 2946 corpore
1601 2863 1734 2934 essent,

287 2974 293 2987 ‘
318 2971 546 3048 cimiterium
569 2971 609 3048 in
628 2971 715 3047 villa
740 2971 881 3062 Sithiu,
903 2971 942 3047 in
967 2970 1152 3076 superiori
1173 2971 1274 3060 loco,
1299 2970 1346 3047 ad
1365 2970 1590 3050 tumulanda
1611 3003 1677 3051 sua
1699 2993 1737 3052 et

318 3104 592 3181 monachorum
622 3131 794 3208 corpora,
829 3101 1021 3179 communi
1048 3129 1162 3207 opere
1192 3100 1380 3191 lecerunt,
1412 3103 1452 3177 in
1478 3105 1583 3212 cujus
1608 3107 1735 3184 medio

316 3231 508 3325 basilicam
523 3234 564 3310 in
580 3232 724 3310 honore
740 3250 873 3309 sanctae
890 3232 1015 3310 Mariae
1035 3249 1333 3323 construxerant,
1351 3261 1464 3339 quam
1478 3235 1591 3311 etiam
1605 3235 1738 3314 beatus

318 3361 570 3457 Audomarus,
587 3380 714 3441 sancto
729 3363 885 3441 Bertino
902 3363 1053 3469 suisque
1074 3363 1350 3440 successoribus
1364 3363 1524 3454 donans,
1545 3395 1614 3473 per
1626 3369 1737 3472 privi—

318 3492 458 3602 legium
487 3495 681 3602 quoddam
713 3492 964 3600 episcopalem
994 3493 1296 3584 confirmaverat,
1329 3510 1368 3589 et
1397 3522 1510 3569 suum
1544 3496 1643 3572 inter
1674 3525 1737 3577 eos

319 3626 581 3732 corpusculum
597 3625 748 3733 sepeliri
765 3627 805 3701 in
821 3625 958 3702 eodem
973 3623 1167 3732 privilegio
1188 3640 1399 3732 rogaverat;
1416 3652 1530 3730 quam
1545 3626 1737 3731 predictus

318 3757 432 3835 abbas
450 3754 669 3864 Fridogisus
690 3784 769 3833 non
796 3756 918 3833 solum
940 3773 1067 3834 sancto
1086 3755 1239 3832 Bertino
1262 3755 1369 3847 tulit,
1392 3756 1460 3832 sed
1482 3755 1610 3845 etiam,
1633 3762 1738 3863 quod

320 3885 424 3962 dictu
439 3887 622 3964 horribile
643 3902 713 3974 est,
736 3886 943 3961 monachos
965 3886 1061 3991 ejus,
1078 3886 1160 3963 Deo
1180 3887 1339 3963 honeste
1360 3883 1502 3962 ibidem
1521 3887 1735 3981 servientes,

321 4044 407 4092 cum
428 4044 564 4123 magno
581 4017 767 4092 dedecore
789 4013 946 4118 expulit,
969 4014 1243 4120 canonicosque
1259 4014 1312 4091 ibi
1333 4015 1540 4105 constituit,
1561 4017 1653 4094 dum
1670 4020 1739 4096 sci-

320 4145 410 4222 licet
430 4174 450 4220 a
470 4144 707 4250 temporibus
722 4160 935 4220 sanctorum
953 4142 1158 4220 Audomari
1174 4159 1284 4248 atque
1299 4143 1440 4220 Bortini
1458 4143 1591 4251 religio
1609 4174 1741 4225 mona-

321 4276 441 4367 chica,
462 4275 604 4352 ibidem
624 4273 827 4368 famulans,
848 4273 1132 4382 religiosissime
1154 4274 1324 4361 floreres
1352 4301 1516 4380 quorum
1539 4273 1741 4358 lacrimosae

321 4407 510 4514 injustitie
522 4404 853 4511 reclamationique
864 4402 1076 4482 incessabili
1087 4403 1323 4511 conpatiens,
1339 4420 1376 4480 et
1388 4405 1561 4508 petitioni
1572 4409 1742 4516 Hugonis

322 4536 548 4614 venerabilis
562 4536 706 4614 abbatis
722 4535 986 4642 adquiescens,
1009 4534 1217 4611 edilitatem
1237 4562 1304 4612 seu
1320 4535 1529 4613 custodiam
1545 4538 1662 4645 ipsius
1674 4541 1740 4618 ba-

324 4667 436 4747 silicae
464 4685 593 4746 sancto
618 4669 728 4744 Petro
742 4682 955 4772 sanctoque
981 4664 1136 4743 Bertino
1158 4664 1416 4759 reddendam,
1445 4684 1483 4744 et
1514 4672 1740 4747 monachum

367 4832 374 4861 ¹
398 4832 584 4914 Privilegium
599 4829 673 4891 illud
684 4828 812 4912 vulgavit
828 4827 937 4890 Mabill.
952 4829 1019 4915 Sec.
1032 4827 1133 4890 Bened.
1149 4828 1204 4900 111,
1219 4841 1291 4913 part.
1307 4852 1333 4897 1.
1347 4851 1413 4913 pag.
1432 4852 1498 4891 ran.
