4478 5842
549 494 619 567 162
830 540 833 547 -
886 485 1302 562 CHARTULARIUM
1335 487 1623 561 slt'ttluttsn.

542 633 659 725 Reka,
680 630 722 708 in
747 630 886 723 Strate;
902 631 943 708 in
963 631 1516 720 Hammawic,terraF1ewivi;
1535 631 1576 707 in
1592 626 1757 707 Kilciaco
1777 658 1866 709 cum
1885 629 1966 709 Od-

540 765 660 842 lando
680 761 807 855 labro,
828 761 868 839 in
895 760 1165 869 Etennasberg3
1191 761 1231 839 iu
1255 762 1496 847 monasterio.
1509 786 1685 839 mansum
1712 762 1964 869 hortumque,

540 895 579 972 in
605 893 738 973 Ariaco
765 891 968 984 similiter,v
986 891 1027 968 in
1050 892 1230 971 Tarwana
1254 919 1449 984 mansum3
1471 892 1512 968 in
1534 891 1758 986 Quentwioo
1775 892 1963 986 similiter,

538 1024 711 1134 quolibet
736 1023 892 1131 ingenio
912 1039 1094 1114 attractae,
1119 1022 1179 1100 vel
1208 1040 1338 1101 nostro
1365 1022 1610 1101 amminiculo
1637 1041 1900 1132 augmentatae,
1926 1041 1965 1103 et
2030 1113 2042 1120 ,

536 1183 696 1264 quaeque
717 1155 759 1230 in
779 1151 1032 1260 postmodum·
1046 1154 1119 1230 Dei
1143 1152 1345 1231 clementia
1366 1153 1568 1232 addiderit.
1592 1155 1688 1232 ltem
1709 1155 1751 1231 in
1771 1156 1962 1242 Kessiaco,

537 1285 712 1393 Sperdia,
724 1283 964 1374 Vuesarmio,
975 1284 1193 1392 vostringe,
1211 1284 1409 1393 Tingiaco,
1422 1283 1594 1373 vuilere,
1609 1283 1883 1393 Mellingasele,
1899 1291 1964 1377 Lo·

536 1416 668 1506 clesse,
687 1413 1021 1522 Lonastingahem,
1036 1415 1241 1518 precariam
1255 1413 1476 1503 Landberti,
1492 1412 1684 1524 Adalgeri‚
1699 1415 1906 1506 Hildberti;
1924 1417 1963 1493 in

535 1544 788 1653 Gruonoberg
806 1543 935 1621 silvam
958 1573 1045 1621 cum
1065 1540 1191 1634 terra}
1204 1543 1245 1618 in
1263 1543 1622 1653 Dagrnaringahem,
1642 1562 1720 1622 tarn
1739 1545 1822 1653 ipso
1842 1547 1964 1626 Gunt-

533 1677 643 1755 berto
665 1675 829 1763 vivente,
856 1701 971 1780 quam
991 1691 1077 1778 post
1100 1672 1248 1750 obitum
1274 1672 1371 1779 ejus,
1396 1673 1624 1751 inconvulsae
1648 1694 1839 1766 maneant,
1867 1679 1964 1756 sicut
2093 1728 2097 1747 ·

533 1806 651 1885 hodic
663 1805 745 1883 illic
762 1802 952 1911 pertinere
967 1820 1187 1882 noscuntur.
1204 1804 1342 1882 Moneo
1352 1804 1465 1881 etiam
1485 1821 1524 1882 et
1537 1822 1738 1898 contestor,
1753 1835 1823 1912 per
1835 1808 1960 1914 ipsum

532 1936 742 2023 Dominum
763 1934 1011 2026 salvatorem,
1034 1962 1168 2012 omnes
1187 1951 1353 2014 rectores
1375 1934 1491 2043 hujus
1509 1937 1660 2015 cenobii
1681 1955 1884 2045 praeaentes
1902 1937 1961 2016 lu-

531 2086 716 2176 turosque
736 2089 809 2143 nec
826 2064 900 2143 hoc
917 2082 1054 2143 nostra
1073 2065 1305 2144 auctoritatis
1326 2082 1596 2171 testamentum
1617 2068 1849 2177 malignitate
1869 2099 1961 2176 qua-

532 2199 631 2278 libet-
649 2195 854 2305 infringere
884 2195 1167 2304 quantumlibet
1190 2195 1409 2273 moliantur.
1440 2195 1488 2274 At
1514 2197 1552 2273 si·
1572 2198 1773 2305 quisquam
1806 2198 1958 2290 feccrit,

531 2330 699 2437 impreco
715 2345 844 2408 contra
858 2356 947 2405 eum
958 2328 1085 2406 Deum
1101 2326 1404 2434 omnipotentem
1421 2352 1630 2435 omnesque
1644 2345 1791 2406 sanctos
1803 2331 1886 2438 ejus
1898 2331 1961 2408 ul·
2080 2383 2083 2387 -

529 2477 650 2553 tores,
671 2488 748 2538 una
764 2487 853 2537 cum
874 2456 1071 2536 animabus
1090 2457 1174 2537 Deo
1192 2454 1359 2550 devotis,
1377 2456 1444 2564 qni
1457 2457 1533 2535 bas
1546 2457 1606 2535 illi
1627 2487 1687 2538 res
1701 2459 1957 2540 contuderunt.

531 2590 580 2670 Ut
605 2609 732 2670 autem
752 2589 867 2699 hujus
886 2591 1103 2669 testamenti
1127 2589 1287 2667 firmitas
1308 2586 1473 2696 perfecte
1495 2589 1709 2682 roboretur,
1733 2616 1851 2669 manu
1869 2619 1959 2698 pro-

528 2722 608 2828 pria
632 2721 941 2829 subscripsimus,
965 2738 1003 2800 et
1025 2720 1371 2800 reverentissimum
1394 2721 1614 2829 episcopum
1640 2740 1813 2801 nostrum
1838 2720 1959 2799 Hum-

528 2851 671 2928 lridum
695 2851 971 2956 subscriptione
991 2879 1057 2928 sua
1078 2851 1258 2929 roborare
1281 2851 1506 2960 rogavimus.

586 2978 749 3057 «Actum
775 2980 862 3055 Aria
880 2981 1128 3071 monasterio,
1149 3006 1197 3059 v1.
1222 2979 1400 3056 kalendas
1418 2981 1561 3086 aprilis,
1579 3010 1678 3077 anno
1691 2982 1957 3059 incarnationis

528 3109 684 3187 Domini
697 3130 875 3200 occentu,
891 3124 929 3184 et
944 3105 1125 3186 bissextili
1141 3135 1299 3184 ascensu
1310 3134 1350 3200 1.,
1364 3110 1574 3186 indictione
1594 3137 1628 3189 v.
1653 3141 1694 3188 ac
1712 3111 1955 3201 embolismo,

527 3238 683 3318 sabbato
706 3255 795 3316 ante
816 3237 996 3328 medium=
1012 3237 1328 3346 quadragesime,
1349 3265 1449 3316 anno
1469 3265 1578 3331 nvn,
1603 3259 1785 3350 regnante
1813 3243 1956 3319 domno

526 3371 682 3465 Karolo,
706 3397 794 3449 cum
809 3367 922 3447 botre
937 3367 1148 3475 llludovico
1168 3396 1210 3447 ac
1227 3383 1365 3475 nepote
1389 3367 1571 3446 Hlotario.

583 3505 691 3612 «Ego
704 3501 944 3593 Annianus,
966 3499 1097 3594 abbas,
1116 3499 1407 3608 propriamanu
1428 3498 1584 3577 firmari.

583 3635 688 3743 «Ego
697 3635 926 3725 Huummus,
939 3632 1147 3740 episcopm,
1155 3632 1503 3711 hocteatamentum
1511 3631 1952 3740 propriamanufirmavi.

583 3765 689 3873 «Ego
707 3763 805 3870 ipse,
827 3763 868 3840 in
886 3762 955 3843 Dei
972 3763 1149 3855 nomine,
1169 3762 1417 3843 Gmoararte
1433 3780 1623 3870 meatur,
1634 3760 1794 3870 jubente
1812 3763 1953 3844 domno

527 3892 661 3975 abbate
683 3892 873 3973 Adalardo
903 3908 942 3972 et
965 3909 1156 3972 annuente
1181 3892 1362 4002 precibus
1383 3893 1516 3985 meis,
1532 3920 1608 3973 una
1634 3922 1720 3973 cum
1750 3895 1952 3974 venerabili

527 4027 703 4134 episcopo
717 4025 938 4119 Humbido,
954 4024 1169 4133 subscripsi·
1185 4062 1200 4093 ι

1123 4317 1352 4396 LXXXIX.
1374 4334 1377 4341 '

650 4499 844 4544 rurvrnscruu
866 4474 972 4544 tirou
995 4502 1080 4545 aucas
1103 4502 1142 4543 nn
1161 4501 1251 4545 canu
1272 4460 1626 4546 matrimonium
1648 4500 1822 4545 amramis.

301 4697 336 4751 25
347 4696 409 4774 julii
422 4702 486 4762 stt.
581 4680 650 4762 «ln
662 4680 818 4758 nomine
831 4697 966 4760 muare
976 4698 1015 4759 et
1027 4678 1225 4759 individue
1237 4677 1443 4757 Trinitatis.
1462 4676 1764 4790 Xatolus,gratia
1774 4680 1857 4770 Dei,
1871 4704 1945 4756 rex.

311 4800 315 4807 ’
523 4808 725 4891 Debitores
750 4838 821 4891 noe
842 4811 944 4923 regie
964 4809 1403 4902 metuentia-novimus,
1425 4826 1475 4890 ut·
1493 4834 1689 4893 sertorum
1706 4811 1778 4890 Dei
1804 4806 1949 4887 devotis
