4478 5842
541 487 668 562 PARS
696 485 1240 561 strennua-stubam
1267 486 1360 557 LIB.
1387 485 1436 556 ll.
1627 483 1701 554 269

277 650 339 707 tur
353 629 541 706 dominice
558 629 825 709 incarnationis
840 628 1045 706 millesimo
1068 628 1274 705 centesimo
1290 627 1430 732 primo,
1446 624 1544 734 gravi
1564 649 1708 727 correp
1802 646 1806 655 ·

276 779 337 837 tus
356 758 589 851 infirmitate,
603 777 719 838 ¹nocte
736 777 872 865 quarte
892 759 1082 835 dominice
1105 757 1285 834 adventus
1304 754 1476 842 Domini,
1498 754 1537 828 in
1553 779 1627 858 qua
1651 779 1709 826 ca·

278 891 393 979 nitur,
417 889 543 969 Cauite
567 893 649 970 tuba
673 898 708 967 io
731 891 837 996 Syou,
861 889 1066 995 capitulum
1093 887 1253 964 fratrum
1286 887 1449 976 intravit,
1478 912 1535 974 ac,
1563 880 1725 989 proliro>

279 1048 453 1097 sermone
470 1020 617 1112 habit0,
635 1020 683 1097 de
703 1046 822 1127 regno
835 1019 923 1108 Dei,
942 1019 989 1094 de
1008 1017 1117 1124 penis
1132 1017 1284 1107 inlerni,
1307 1044 1358 1106 se,
1376 1014 1415 1091 in
1434 1014 1511 1090 fine
1528 1012 1711 1091 sermonis

279 1150 438 1255 graviter
449 1147 631 1225 infirmari
646 1148 740 1225 etde
755 1149 828 1225 vita
842 1147 1042 1254 periclitari
1058 1208 1067 1236 ,
1085 1146 1253 1222 asseruit.
1265 1145 1493 1251 Timensque
1510 1142 1593 1234 sibi,
1609 1145 1713 1249 quod

281 1279 411 1357 fratres
429 1280 648 1356 commissos
668 1278 739 1356 sibi
761 1278 942 1355 dissolute
964 1294 1002 1354 et
1015 1275 1384 1383 indisciplinabiliter
1402 1275 1632 1382 permisisset
1651 1303 1712 1350 ea-

281 1427 393 1486 tenus
414 1409 551 1500 vivere,
569 1409 609 1483 in
630 1407 745 1485 verbo
766 1408 837 1485 Dei
865 1425 902 1484 et
920 1408 1056 1484 virtute
1074 1407 1239 1513 Spiritus
1260 1406 1400 1495 Sancti,
1424 1405 1477 1482 eis
1496 1405 1710 1513 interdixit,

283 1567 330 1617 ne
341 1538 503 1645 quilibet
519 1566 651 1617 eorum
664 1538 758 1645 quid
776 1537 1033 1644 prosperitatis
1054 1537 1227 1628 baberet,
1249 1537 1308 1613 vel
1321 1537 1467 1643 aliquid
1481 1538 1528 1613 de
1542 1535 1713 1644 reliquiis

283 1670 454 1746 ciborum
475 1697 548 1776 que
568 1668 617 1745 ad
637 1668 883 1746 elemosinam
900 1668 1158 1774 pertinebant,
1181 1667 1429 1744 servientibus
1448 1669 1564 1757 daret.
1590 1666 1714 1743 Habe

282 1799 373 1876 bant
395 1798 499 1876 enim
518 1826 616 1905 pene
637 1797 777 1905 singuli
797 1798 868 1876 sibi
887 1798 1108 1888 servientes,
1131 1797 1268 1906 quibus
1288 1797 1521 1904 dabantque
1541 1799 1714 1904 pauperi-

282 1929 354 2007 bus
381 1929 628 2007 debebantur.
651 1927 842 2010 Peculiare
869 1929 969 2006 enim
992 1928 1150 2020 habere,
1168 1929 1257 2005 dare
1285 1929 1365 2006 sine
1391 1928 1542 2005 licentia
1562 1946 1601 2005 et
1619 1931 1712 2006 acci-

281 2089 388 2166 pere,
408 2059 466 2136 vel
481 2058 614 2137 ceteris
642 2057 902 2136 dissolutionis
928 2049 1108 2165 operibus
1136 2057 1373 2147 incumbere,
1395 2087 1511 2165 penes
1536 2086 1601 2136 eos
1620 2075 1711 2137 tunc

282 2190 464 2295 temporis
487 2189 546 2267 vix
573 2188 731 2297 alicujus
763 2207 842 2266 erat
875 2189 1116 2298 negligentia.
1146 2190 1206 2267 Ad
1236 2188 1431 2267 insolitum
1465 2216 1554 2298 ergo
1580 2187 1711 2266 fratres

284 2319 456 2398 concitati
485 2319 747 2412 interdictum,
770 2302 986 2398 exarserunt
1014 2320 1054 2397 in
1083 2350 1171 2397 eum
1192 2319 1289 2397 sicut
1308 2319 1404 2428 ignis
1428 2319 1468 2396 in
1496 2319 1628 2424 spinis,
1655 2337 1709 2409 et,

284 2449 546 2558 ignominiosis
568 2449 691 2528 verbis
720 2447 982 2557 defatigatum,
1010 2451 1058 2526 ad
1079 2447 1219 2527 lectum
1246 2450 1299 2525 ire
1321 2466 1535 2556 coegerunt.
1565 2447 1643 2527 Sed
1664 2451 1710 2526 de

284 2578 501 2657 infirmitate
523 2579 685 2656 in‘brevi
715 2578 991 2669 convalescens,
1017 2596 1060 2655 ut
1088 2577 1252 2656 rebelles
1275 2597 1530 2683 compesceret
1556 2607 1708 2686 operam

287 2709 403 2786 dedit.
427 2709 586 2818 Signum
601 2724 729 2785 tamen
752 2707 957 2799 discordie,
974 2708 1079 2815 quod
1095 2709 1231 2786 eodem
1252 2710 1313 2785 die
1330 2710 1521 2815 inceptum
1543 2728 1614 2802 est,
1631 2740 1711 2788 ma·

284 2838 417 2916 niseste
431 2839 610 2944 apparuit.
625 2840 717 2914 Nam
732 2855 818 2944 post
828 2838 984 2914 sinaxim
1001 2839 1316 2945 vespertinorum,
1334 2868 1419 2916 cum
1429 2838 1560 2918 fratres
1580 2870 1709 2920 cenam

284 2984 535 3073 expectarent,
557 2997 643 3046 ecce
664 2997 708 3045 ex
730 2968 933 3074 improviso
954 2969 1052 3075 ignis
1071 2969 1268 3047 nonnullis
1287 2969 1465 3047 fratribus
1485 2972 1532 3047 de
1552 2970 1710 3076 pistrino

282 3099 381 3174 exire
397 3098 497 3176 visus
510 3114 578 3175 est.
600 3101 687 3194 Quo
703 3099 871 3177 attonitis
890 3097 1088 3192 tratribus,
1110 3101 1186 3177 huc
1206 3099 1371 3208 illucque
1393 3101 1706 3195 discurrentibus,

281 3228 395 3305 scalas
414 3227 463 3305 ad
483 3229 779 3337 extinguendum
799 3231 927 3339 ignem
950 3231 1171 3310 ascendunt.
1196 3232 1273 3310 Sed
1292 3232 1488 3324 fantasma,
1510 3258 1588 3310 non
1611 3235 1707 3343 ignis

279 3355 368 3449 luit3
383 3360 503 3467 quod,
519 3360 680 3439 turbatis
695 3358 890 3455 omnibus,
906 3359 994 3438 ilico
1012 3362 1210 3468 disparuit,
1225 3363 1373 3469 signum
1391 3362 1618 3469 pretendens
1639 3364 1709 3441 dis·

279 3490 460 3569 sentionis
480 3490 694 3570 et'lrateme
716 3492 970 3597 dispersionis.

914 3742 1050 3825 LXII.

335 3920 434 3997 Cum
453 3920 569 4027 igitur
581 3916 858 4025 aliquantulum
876 3923 1058 4028 temporis
1076 3921 1176 3999 inter
1190 3950 1370 4002 monacos
1386 3940 1424 4002 et
1439 3920 1612 4003 abbatem
1626 3954 1706 4031 per·

278 4049 470 4128 transisset
483 4050 524 4125 in
539 4048 759 4156 hujusmodi
776 4050 1024 4144 dissentione,
1040 4050 1155 4130 abbas
1172 4054 1351 4131 comitem
1364 4054 1572 4133 Robertum
1582 4057 1706 4165 junio·

278 4208 376 4270 rem,
400 4208 468 4284 per
488 4178 715 4257 comitissam
735 4178 987 4258 Clementiam
1006 4200 1045 4259 et
1062 4211 1132 4289 per
1150 4182 1356 4262 nonnullos
1383 4187 1490 4293 regni
1509 4215 1699 4292 proceres,

278 4309 467 4400 convenit,
484 4325 527 4386 ut
537 4307 690 4387 ecclesie
703 4310 819 4388 sancti
831 4310 974 4388 Bertini
985 4312 1033 4403 de
1045 4311 1229 4422 religione
1244 4313 1472 4406 consuleret,
1489 4332 1541 4406 et,
1553 4345 1602 4396 ne
1616 4347 1704 4425 qua·

278 4437 373 4516 libet
390 4439 432 4514 in
450 4455 644 4555 posterum
664 4439 802 4550 injuria
821 4440 860 4517 in
880 4441 1048 4520 monacis
1067 4442 1201 4521 eadem
1217 4442 1363 4554 'religio
1384 4442 1577 4540 deficeret,
1598 4446 1701 4525 idem

279 4566 479 4647 cenobium
501 4569 909 4664 cluniacensibus-ad
935 4572 1242 4652 substituendum
1268 4573 1473 4671 abbatem,¹
1488 4576 1699 4685 subjiceret.

277 4697 391 4793 Quod
418 4700 723 4781 commonachis
746 4696 942 4782 veraciter·
956 4723 1194 4815 compertum
1224 4723 1296 4798 est,
1316 4734 1387 4814 per
1408 4702 1644 4815 prepositum
1666 4723 1704 4784 et

276 4829 632 4911 canonicossancti
660 4829 865 4913 Andomari
897 4834 1128 4946 ecclesieque
1155 4834 1422 4928 Tamanensis,
1449 4836 1698 4931 conveniunt,
