4478 5842
501 450 548 519 88
851 446 1258 520 CHARTULARIUM
1285 446 1565 519 SITHIENSE.

497 589 829 694 reclamationique
864 587 1076 666 incessabili
1108 588 1358 694 compatiens,
1391 616 1478 663 cum
1507 587 1664 665 consilio
1695 589 1921 667 venerabilis

498 721 689 827 Folquini,
701 719 951 796 Tarnanensis
969 719 1148 826 episcopi,
1164 719 1372 797 edilitatcm
1387 747 1455 796 seu
1466 719 1679 796 custodiam
1691 720 1808 826 ipsius
1821 720 1921 799 basi·
2035 729 2041 739 '

496 851 574 927 licae
594 870 720 929 sancto
740 853 850 928 Petro
872 869 909 927 et
927 866 1056 927 sancto
1076 850 1230 927 Bertino
1250 849 1422 943 reddidi,
1446 868 1483 926 et
1507 851 1738 943 monachum
1760 852 1810 929 ad
1833 880 1918 933 cus-

494 984 637 1059 todiam
659 984 712 1058 ibi
731 981 860 1073 statui,
882 999 920 1057 et
935 997 978 1057 ut
997 997 1176 1086 quattuor
1192 979 1427 1085 temporibus
1447 980 1486 1056 in
1507 1008 1607 1057 anno
1627 981 1826 1059 missarum
1840 981 1919 1073 sol·

495 1113 659 1218 lempnia
677 1113 911 1196 celebrarent
925 1110 1096 1201 stabilivi,
1116 1111 1190 1188 hoc
1205 1128 1261 1187 est
1275 1109 1433 1221 unieria
1449 1110 1488 1187 in
1502 1111 1636 1189 diebus
1651 1112 1913 1220 Rogatianum,

493 1243 532 1315 in
547 1241 742 1318 festivitate
758 1270 912 1347 quoque
928 1240 1027 1318 beati
1043 1241 1225 1333 lobannis
1237 1238 1427 1344 Baptistae,
1445 1240 1537 1318 etin
1552 1240 1785 1347 depositione
1799 1242 1915 1320 sancti

493 1372 716 1462 Andomari,
739 1373 778 1448 in
801 1371 995 1449 festivitate
1019 1373 1130 1448 etiarn
1155 1370 1338 1448 Omnium
1358 1371 1599 1459 Sanctorum
1616 1388 1654 1447 et
1669 1371 1850 1478 quicquid
1869 1373 1917 1450 ad

492 1503 616 1606 ipsum
648 1501 762 1579 altare
787 1503 950 1590 veniret,
976 1501 1153 1578 monachi
1177 1501 1293 1577 sancti
1322 1500 1466 1576 Bertini
1495 1500 1635 1606 absque
1663 1502 1744 1579 ulla
1771 1519 1918 1581 contra-
2016 1500 2019 1505 ’

494 1632 671 1721 dictione,
678 1632 936 1739 juxtamorem
945 1631 1157 1736 pristinum,
1168 1631 1377 1707 secundum
1386 1630 1580 1709 decretum
1591 1631 1915 1723 beatiAudomari,

492 1762 615 1866 quod,
642 1764 682 1838 in
705 1761 900 1869 privilegio
929 1761 976 1837 de
1000 1761 1201 1838 traditione
1232 1760 1347 1866 ipsius
1372 1759 1462 1848 loci,
1491 1758 1597 1836 istius
1619 1758 1692 1837 loci
1721 1761 1918 1840 caenobitis

491 1891 637 1998 scripsit
661 1910 698 1969 et
720 1891 931 1983 interdixit,
958 1890 1160 1982 haberent,
1184 1907 1360 1967 tenerent
1393 1908 1431 1967 et
1456 1891 1496 1966 in
1520 1906 1703 1995 perpetuo
1727 1894 1914 1997 perhenni

486 2023 572 2126 jure
594 2024 848 2129 possiderent;
873 2052 943 2099 nec
967 2022 1162 2127 episcopus
1188 2038 1252 2097 aut
1275 2021 1356 2126 ejus
1383 2019 1667 2097 archidiaconus
1691 2048 1759 2097 seu
1780 2020 1917 2129 aliquis

491 2150 715 2230 clericorum
731 2152 790 2247 vel
804 2152 922 2259 judex
940 2151 1150 2229 forensium
1168 2178 1296 2231 rerum
1312 2149 1454 2254 aliquid
1471 2148 1542 2225 sibi
1558 2148 1694 2227 exinde
1709 2149 1912 2239 vindicent,

490 2283 663 2390 Denique
671 2284 751 2391 jam
762 2283 917 2389 quidam
933 2300 1161 2363 emerserant
1171 2281 1324 2358 audacia
1337 2279 1558 2357 temeritatis
1572 2278 1733 2386 decepti,
1745 2280 1914 2362 dicentes

490 2412 692 2516 primatum
716 2413 888 2491 locorum
912 2412 961 2489 ad
986 2442 1025 2490 se
1048 2412 1237 2519 pertinere
1258 2410 1414 2498 debere;
1437 2437 1601 2515 quorum
1620 2429 1914 2516 presumptuose
2024 2426 2030 2435 “

489 2543 672 2648 superbiae
682 2543 875 2634 resistens,
887 2572 955 2650 per
968 2542 1260 2648 descriptionem
1276 2539 1536 2648 capitularem,
1555 2568 1680 2617 coram
1693 2540 1914 2646 primatibus

490 2674 623 2781 regalis
633 2673 761 2779 palatii
774 2691 813 2750 et
823 2675 936 2782 hujus
945 2674 1084 2780 patrie,
1099 2701 1163 2751 eos
1176 2673 1360 2751 huicloco
1374 2670 1521 2779 subegi,
1539 2688 1577 2748 et
1591 2688 1767 2757 conatum
1780 2700 1912 2751 eomm

490 2803 724 2881 adnichilavi.
754 2804 852 2896 Quia
875 2833 962 2882 vero
990 2803 1222 2881 omnimodis
1246 2803 1416 2881 canonici
1444 2801 1615 2880 invident
1639 2803 1825 2882 monacho
1874 2808 1877 2812 ’

489 2933 643 3023 honori,
668 2932 741 3009 hoc
768 2933 948 3038 scriptum
975 2935 1134 3039 posteris
1160 2933 1457 3041 relinquendum
1484 2932 1564 3010 lore
1587 2950 1711 3010 ratum
1738 2912 1844 3026 duxi,
1896 2951 1914 3012 t

489 3059 716 3166 quandoque
734 3061 949 3139 invidorum
969 3092 1038 3169 per
1058 3065 1131 3141 hoc
1150 3064 1322 3142 resistere
1343 3081 1498 3172 possent
1511 3062 1618 3142 malae
1632 3061 1826 3143 voluntati.

544 3192 706 3269 «Actum
725 3193 764 3269 in
779 3192 931 3272 basilica
945 3196 1061 3273 sancti
1076 3195 1177 3273 Petri
1193 3195 1370 3302 apostoli,
1389 3197 1429 3272 in
1439 3196 1508 3274 ‚die
1523 3195 1814 3301 sollempnitatis
1828 3194 1911 3302 ejus

488 3348 539 3397 ιιι.
567 3321 637 3398 kal.
659 3322 763 3429 julii,
784 3342 871 3430 post
890 3325 1085 3418 sinodum,
1107 3343 1192 3404 ante
1212 3324 1451 3405 festivitatem
1475 3325 1593 3404 sancti
1616 3325 1796 3405 lobannis
1814 3327 1912 3433 Rap-

485 3453 580 3529 tistae
591 3455 829 3548 celebratam,
842 3485 940 3533 anno
948 3458 1213 3536 incarnationis
1225 3458 1421 3537 dominice
1431 3483 1643 3536 usnemu.
1653 3456 1859 3535 indictione
1869 3485 1909 3537 ιι.
1959 3517 1962 3522 ·

488 3582 639 3688 imperii
663 3604 790 3663 autem
816 3587 995 3667 Ludovici
1024 3588 1122 3696 regis
1152 3617 1251 3667 anno
1275 3616 1371 3669 ιιιιιι.
1397 3588 1609 3694 presulatus
1640 3615 1794 3694 quoque
1819 3585 1910 3665 almi

487 3714 647 3816 presulis
667 3716 844 3825 Folquini
864 3745 962 3795 anno
983 3745 1082 3796 ιιιιιιι.
1106 3736 1144 3796 et
1163 3719 1281 3796 nostri
1297 3719 1490 3826 regiminis
1509 3747 1608 3798 anno
1627 3744 1676 3800 vr.

545 3846 650 3953 Ego
670 3846 777 3924 Huoo
792 3845 924 3940 abbas,
947 3876 991 3924 ex
1007 3876 1192 3926 consensu
1206 3850 1339 3927 domni
1355 3849 1563 3928 Ludovici
1553 3848 1810 3996 imperatoris,
1831 3802 1910 3927 hec

488 3975 696 4052 voluntarie
716 3976 1100 4084 firmavi,1psumque
1120 3998 1164 4058 ut
1183 3980 1435 4059 subscriberet
1451 3981 1588 4088 rogavi.

528 4121 674 4205 «Signum
689 4124 861 4186 venerabilis
875 4125 1038 4198 Forournr,
1059 4128 1202 4210 episcopi,
1217 4150 1288 4191 cum
1301 4127 1458 4212 episcopali
1472 4127 1718 4193 interminatione.
1740 4180 1749 4188 .

530 4242 676 4324 «Signum
685 4247 813 4315 Μιιιιιιι,
825 4245 1030 4309 archidiaconi.
1043 4245 1169 4330 Signum
1179 4248 1310 4318 Annam
1321 4248 1466 4311 monachi.
1477 4247 1601 4332 Signum
1610 4249 1798 4319 emman,
1809 4268 1908 4311 mona·

567 4344 625 4404 chi
639 4345 764 4427 Signum
776 4347 865 4415 Moru,
874 4347 1019 4410 monachi
1031 4349 1156 4432 Signum
1174 4349 1308 4419 Bararus,
1319 4351 1465 4439 monachi.
1485 4351 1609 4434 Signum
1622 4350 1766 4419 Uunarcr,
1782 4350 1906 4411 comitis.

567 4444 692 4527 Signum
715 4447 856 4519 Ononnu,
869 4448 1008 4512 advocati.
1027 4452 1153 4534 Signum
1174 4448 1346 4523 Evenwuu,
1355 4453 1468 4517 militis.
1480 4453 1605 4537 Signum
1615 4450 1779 4522 Bnnnaau,
1794 4448 1907 4519 militia

568 4546 694 4630 Signum
706 4548 901 4613 Οτιιιιιιιιιιιι
922 4553 1046 4636 Signum
1060 4553 1242 4618 Gnnrsaarr.
1259 4538 1384 4638 Signum
1400 4538 1539 4622 ditonus.
1550 4556 1675 4641 Signum
1686 4499 1921 4619 Maeuianam..

524 4669 608 4752 Ego
622 4667 832 4743 Gnnrnanrns
845 4673 932 4739 levita
940 4688 970 4738 et
978 4677 1175 4748 monachicas
1163 4698 1251 4762 Jussu
1260 4677 1374 4741 domini
1386 4678 1521 4762 Hugonis
1532 4677 1660 4748 abbatia,
1673 4679 1750 4741 hanc
1762 4674 1904 4739 carttdam

484 4773 585 4855 scripsi
605 4784 635 4835 et
654 4772 841 4857 subscripsi·
