4478 5842
598 476 727 549 PARS
756 473 935 549 PRIMA.
954 515 1003 529 —-
1021 468 1280 562 FOLQUINI
1306 475 1399 546 LIB.
1427 477 1454 545 I.
1691 479 1738 552 55

937 720 1122 797 XXXII.

364 885 407 925 »Β
429 884 599 927 nanrnamo
622 884 752 932 tuum.
774 885 809 924 BT
834 883 933 926 nonu
953 886 1121 935 vultanum
1145 886 1182 965 ΕΞ
1204 886 1241 925 DII
1263 882 1455 933 ROKASHEMO,
1476 884 1559 937 Quen
1581 884 1697 935 obeunti

874 988 959 1028 FELIX
981 989 1069 1029 unuln
1092 989 1183 1032 NOBIS.

376 1168 464 1245 Post
483 1170 678 1246 decessum
694 1184 819 1243 autem
839 1165 970 1270 prelati
989 1165 1132 1242 abbatis
1151 1165 1362 1258 VVaimari,
1384 1168 1608 1246 Nantharius
1625 1168 1741 1244 totius
1807 1173 1868 1242 7⁶⁵·

321 1297 483 1374 abbatiae·
494 1297 715 1373 sublimatus
731 1313 787 1372 est
802 1294 985 1402 dignitati.
1004 1294 1087 1386 Cui,
1105 1321 1204 1372 anno
1221 1321 1271 1371 111.
1286 1294 1418 1400 prefati
1434 1297 1532 1403 regis
1547 1295 1738 1387 Hilderici,

320 1428 474 1537 quidam
496 1425 693 1532 presbiter,
718 1424 820 1500 Felix
841 1419 1015 1515 nomine,
1036 1424 1214 1512 tradidit,
1239 1425 1289 1501 ad
1308 1454 1420 1501 usum
1442 1426 1659 1502 monasterii
1683 1430 1740 1504 sui

320 1554 466 1643 Sithiu,
491 1554 624 1631 cellam
644 1555 702 1630 sui
719 1555 816 1659 juris
836 1555 1046 1659 propriam,
1070 1553 1253 1630 vocabulo
1270 1552 1526 1631 Hrokashamo
1544 1556 1621 1630 sive
1641 1559 1741 1633 The·

299 1730 305 1741 ·
319 1683 449 1760 realdo
459 1684 555 1774 loce,
574 1700 618 1759 ut
628 1699 786 1760 testatur
800 1681 903 1760 illius
916 1681 1130 1761 traditionis
1139 1683 1253 1772 karta,
1269 1710 1382 1787 quam
1393 1683 1466 1774 hic,
1480 1685 1529 1759 ad
1543 1686 1741 1762 confirma-

112 1812 132 1913 ,⁶
189 1914 201 1941 ⁸
319 1814 463 1890 tionem
481 1811 723 1929 credulitatis,
737 1809 994 1900 describimus,
1012 1810 1224 1929 suh-tenore
1237 1811 1397 1916 antiquae
1405 1810 1506 1888 illius
1515 1813 1737 1894 dictationis.

918 2071 1130 2145 XXXIII.

750 2254 888 2297 rnamno
908 2255 1020 2297 renus
1041 2255 1079 2296 uc
1101 2253 1274 2299 noxasuauo
1286 2231 1304 2291 ¹.
1762 2306 1788 2357 ὁ

183 2502 200 2533 ,
313 2490 316 2494 -
379 2434 511 2511 uSicut
533 2433 720 2512 Dominus
744 2433 784 2509 in
804 2434 1006 2543 Evangelio
1026 2436 1078 2513 ait
1100 2469 1109 2512 ε
1130 2435 1200 2527 Qui
1226 2436 1289 2513 dut
1304 2463 1443 2540 purum,
1473 2453 1653 2539 comparat
1676 2439 1740 2513 sibi
1780 2453 1812 2506 2⁵
1829 2451 1878 2523 jul.
1899 2455 1961 2521 7t5.

320 2590 470 2667 regnum,
491 2581 527 2642 et
546 2568 605 2669 qui
622 2567 741 2643 tribuit
756 2593 880 2667 purum
896 2568 1066 2667 pecuniae,
1083 2570 1217 2666 accipit
1230 2567 1381 2667 sincfiuc
1400 2590 1603 2641 mensuram.
1625 2565 1740 2671 Igitur
1793 2596 1808 2633 r

319 2721 400 2800 ego,
412 2696 451 2769 in
461 2695 531 2771 Dei
543 2694 709 2783 nomine,
722 2691 835 2780 Felix,
848 2693 1044 2797 presbiter,
1056 2693 1259 2797 inspirante
1273 2692 1395 2770 divina
1406 2693 1738 2803 clementiamque

318 2818 386 2928 p'ro
406 2824 538 2898 animae
562 2851 655 2899 meae
678 2821 870 2913 remedie,
890 2823 1062 2927 deputavi
1085 2840 1123 2899 et
1142 2823 1306 2900 concessi
1326 2840 1435 2928 atque
1462 2806 1645 2932 delegavi,
1672 2854 1740 2930 per

318 2951 595 3058 hancpaginam
615 2950 839 3042 donationis,
854 2951 903 3028 ad
916 2953 1187 3030 monasterium
1198 2953 1339 3044 Sithiu,
1357 2953 1529 3059 quodest
1540 2953 1580 3030 in
1593 2954 1738 3034 honore

318 3086 432 3161 sancti
447 3085 548 3160 Petri
569 3101 607 3161 et
624 3084 740 3161 sancti
758 3084 863 3160 Pauli
886 3085 1159 3189 apostolorum,
1186 3102 1225 3162 et
1240 3086 1356 3162 sancti
1376 3086 1526 3163 Martini
1546 3086 1605 3164 vel
1624 3092 1739 3166 sancti

318 3215 458 3291 Bertini
474 3213 713 3305 confessoris,
738 3213 806 3289 uhi
832 3214 910 3318 ipse
933 3216 1097 3293 domnus
1118 3216 1329 3320 incorpore
1353 3216 1570 3321 requiescit,
1593 3217 1652 3295 vel
1673 3219 1739 3296 uhi

269 3440 275 3451 .
319 3342 538 3420 venerabilis
548 3343 604 3418 vir
613 3343 837 3418 Nantharius
848 3343 964 3419 abhas
973 3372 1128 3446 praeesse
1141 3344 1300 3431 videtur,
1312 3344 1385 3420 hoc
1399 3364 1456 3421 est
1468 3345 1602 3422 cellam
1616 3376 1738 3424 meam

319 3473 359 3547 in
373 3474 457 3549 loco
478 3488 716 3576 nuncupante
738 3469 973 3547 Rochashem
993 3472 1068 3547 sive
1083 3470 1296 3547 Therealdo
1312 3471 1436 3562 loco²,
1458 3473 1499 3547 in
1517 3502 1613 3581 pago
1629 3476 1739 3552 Flan-

321 3603 462 3692 drinsc,
484 3630 596 3707 quam
620 3628 690 3707 ego
711 3600 751 3674 in
769 3600 916 3675 honore
936 3600 1051 3676 sancti
1073 3598 1266 3677 Michaelis
1287 3598 1518 3706 archangeli,
1541 3602 1599 3680 vel
1624 3607 1738 3682 sancti

319 3733 499 3853 Iohannis
518 3731 708 3837 Baptistae,
725 3728 783 3805 vel
799 3746 932 3806 sanctae
952 3730 1093 3819 Mariae,
1114 3729 1303 3849 genitricis
1321 3729 1477 3808 Domini
1491 3733 1610 3811 nostri
1624 3736 1738 3813 Jhesu

320 3862 476 3952 Christi,
491 3863 548 3939 vel
560 3878 779 3938 caeterorum
788 3874 1013 3947 sanctorum,
1031 3885 1144 3963 opere
1159 3858 1357 3950 construxi,
1369 3888 1481 3966 quam
1495 3862 1542 3939 ab
1557 3866 1739 3944 extraneis

320 3992 505 4097 personis,
532 3992 619 4067 dato
640 3987 784 4093 precio,
809 3987 1035 4089 comparari3
1063 3988 1132 4078 ita,
1161 4006 1204 4065 ut
1227 3989 1321 4065 mihi
1344 3989 1583 4095 complacuit,
1609 3997 1650 4072 in
1672 3995 1738 4072 tali

320 4121 480 4210 ratione,
496 4137 540 4195 ut
554 4119 603 4195 ad
618 4119 741 4222 ipsum
761 4113 1030 4191 monasterium
1047 4114 1187 4206 Sithiu,
1209 4119 1258 4193 ad
1278 4144 1371 4222 opus
1390 4122 1505 4195 sancti
1525 4125 1641 4216 Petri,
1658 4127 1738 4232 jam

185 4348 191 4357 ἱ
322 4252 419 4328 dicta
431 4249 540 4340 cella,
554 4277 641 4325 cum
659 4243 763 4323 omni
778 4245 989 4353 integritate
1002 4246 1060 4325 vel
1076 4246 1263 4325 soliditate
1279 4274 1344 4323 sua
1359 4247 1399 4323 in
1413 4275 1452 4325 se
1465 4251 1664 4356 aspiciente
1679 4255 1737 4332 vel

320 4381 543 4487 pertinente,
555 4376 699 4454 ibidem
720 4374 893 4484 delegare
907 4375 1143 4454 deberemus.
1162 4376 1279 4470 Quod
1289 4376 1340 4454 ita
1353 4395 1393 4456 et
1404 4379 1561 4461 lecimus
1577 4383 1627 4461 ad
1641 4383 1738 4463 inte·

320 4539 446 4618 grum,
468 4506 733 4616 perpetualiter
752 4506 801 4584 ad
819 4488 1105 4612 possidendum,
1119 4524 1163 4585 ut
1180 4507 1323 4586 ibidem
1341 4527 1485 4616 aspecta
1499 4510 1559 4589 vel
1573 4514 1738 4622 subjecta

365 4693 373 4723 ¹
396 4692 481 4754 Edid.
494 4691 688 4772 Warnkonig,
703 4691 735 4749 in
749 4709 803 4750 sua
818 4689 933 4752 Flundr.
950 4689 1023 4754 nac
1041 4654 1064 4754 t⁰
1076 4693 1104 4767 I,
1117 4695 1199 4757 iactr.
1213 4716 1242 4777 p.
1256 4716 1275 4780 9
1287 4706 1316 4758 et
1329 4715 1392 4780 sqq.
1406 4715 1443 4758 ex
1456 4697 1545 4778 antiq.
1562 4696 1735 4780 apographo.

364 4796 374 4827 ²
397 4795 584 4858 Hrochasbem
597 4796 651 4857 sive
664 4792 877 4877 Hmaldoluqo.
893 4793 1013 4857 Warnl.
