4478 5842
555 495 686 565 PARS
723 490 1399 575 sncttttun.-sltt01ttsttss.
1426 495 1453 563 Ι.
1542 588 1544 593 .
1640 499 1707 569 197

291 635 363 725 vel,
390 652 432 710 ut
461 633 686 741 quibusdam
714 634 850 739 placet,
881 632 1108 740 sexagesimo
1142 632 1319 735 septimo,
1344 648 1514 738 tempore
1539 636 1707 739 ejusdem

291 765 434 841 abbatis
457 765 662 855 Heriberti,
684 763 923 850 willelmus,
945 789 1072 838 comes
1094 763 1358 851 Nortmannie,
1383 793 1426 838 ex
1448 767 1554 871 signo
1580 765 1711 840 celitus

292 896 379 971 dato
405 896 566 998 (cometa
587 896 688 972 enim
711 894 887 971 claritatis
911 893 1131 969 admirande
1155 910 1193 994 et
1216 893 1366 969 visionis
1389 894 1577 971 horrende
1602 924 1711 1001 appa-

292 1026 391 1129 ruit),
406 1056 492 1101 cum
508 1027 658 1129 copioso
673 1024 824 1100 navium
837 1040 1013 1129 apparatu
1027 1039 1064 1098 et
1076 1022 1320 1097 multitudine
1335 1026 1525 1111 exercitus,
1539 1025 1708 1132 Angliam

293 1156 418 1259 petiit,
435 1184 476 1230 ac
493 1155 661 1231 Haroldo
676 1154 793 1258 ipsius
806 1170 904 1228 terre
919 1152 1057 1240 occiso,
1076 1180 1120 1226 eo
1136 1152 1240 1255 quod
1253 1151 1369 1226 filiam
1382 1154 1498 1258 ipsius
1510 1156 1708 1249 Wilhelmi

293 1287 335 1360 in
354 1312 512 1361 uxorem
535 1285 699 1388 accipere
715 1285 953 1372 recusaverit,
969 1281 1109 1386 Anglos
1127 1281 1226 1386 gravi
1247 1280 1383 1384 prelio,
1402 1284 1611 1361 multorum
1624 1314 1710 1363 san·

291 1415 405 1521 guine
418 1413 519 1501 fuso,
534 1413 606 1490 sibi
617 1413 842 1519 subjugavit,
858 1429 896 1488 et
907 1412 1057 1516 utrique
1070 1410 1211 1515 populo
1222 1411 1379 1517 Anglico
1395 1431 1433 1488 et
1442 1415 1707 1497 Nortmannico

291 1545 468 1650 regnavit.
492 1546 566 1620 Nec
585 1543 707 1621 multo
724 1561 809 1647 post
824 1561 1011 1648 ternpore,
1038 1569 1135 1616 anno
1161 1540 1335 1616 videlicet
1352 1543 1490 1620 Christi
1511 1547 1709 1631 nativitatis

291 1672 496 1750 millesimo
513 1673 787 1780 septuagesimo
803 1672 946 1776 primo,
963 1669 1166 1759 Robertus,
1183 1671 1286 1747 filius
1299 1671 1472 1748 Balduini
1488 1676 1634 1753 comitis
1649 1681 1709 1755 ln·

290 1803 430 1893 sulani,
458 1806 523 1910 qui
544 1824 673 1910 postea
702 1800 1053 1878 lherosolimitanns
1078 1800 1198 1876 dictus
1219 1818 1289 1890 est,
1314 1803 1415 1905 apud
1437 1820 1598 1880 castrum
1622 1808 1708 1884 Cas-

291 1932 409 2010 letum
443 1952 570 2011 contra
605 1950 781 2038 nepotem
810 1959 920 2007 suum
942 1929 1199 2033 Amulphum,
1220 1931 1417 2006 commissa
1443 1960 1567 2038 pugna
1592 1936 1703 2025 civili,

291 2065 488 2169 Arnulpho
519 2064 658 2152 occis0,
684 2061 795 2138 fratre
824 2061 905 2165 ejus
930 2057 1116 2135 Balduino
1151 2058 1437 2147 nichilominus,
1471 2091 1557 2137 curn
1587 2083 1705 2142 matre

291 2193 481 2277 Richilde,
498 2189 940 2280 eliminato,'victricibus
955 2188 1070 2294 signis
1087 2187 1299 2294 insignitus,
1316 2190 1572 2266 monarchiam
1588 2196 1708 2271 tocius

288 2322 715 2426 Flandrieadeptusest.
1188 2346 1203 2353 ”

344 2453 479 2529 ¹Ann0
503 2452 689 2540 insecuto,
707 2450 848 2528 scilicet
866 2450 1139 2556 septuagesimo
1155 2451 1341 2541 secundo,
1355 2450 1468 2526 rediit
1487 2451 1599 2527 abbas
1616 2476 1706 2530 nos·

291 2601 349 2659 ter
368 2582 416 2657 ab
437 2580 737 2657 Autisiodorensi
762 2579 941 2665 cenohi03
968 2579 1008 2653 in
1028 2566 1134 2684 cujus
1158 2572 1327 2656 absentia
1348 2580 1535 2658 Sithiense
1557 2575 1706 2659 mona'sss

289 2713 428 2788 terium
449 2740 527 2787 non
552 2737 668 2817 pauca
694 2736 912 2814 perpessum
940 2723 996 2782 est
1016 2709 1267 2785 incommoda.
1294 2711 1385 2785 Nam
1405 2738 1426 2784 a
1448 2712 1636 2816 regimine·
1652 2736 1706 2792 με»

288 2840 429 2916 nohiali
450 2841 565 2915 sancti
592 2838 772 2918 Winnoci
803 2837 1002 2941 spoliatum
1028 2854 1215 2941 pasturam
1242 2839 1332 2915 item
1357 2840 1520 2924 Suinard
1548 2843 1702 2936 dictam}

278 2973 388 3045 vinter
415 2969 621 3074 cappellam
646 2949 886 3073 leprosorum
911 2967 1026 3043 sancti
1044 2968 1257 3045 ⁷Audomari
1282 2987 1319 3046 et
1344 2983 1499 3048 crucem
1517 2974 1705 3052 de‘Arlt‘es

282 3097 646 3205 jacentem,'amisit.
667 3100 848 3205 Regres'so
875 3115 1004 3174 tamen
1010 3095 1158 3173 ¹abbate
1167 3099 1389 3209 slleriberto,
1406 3102 1505 3178 visus
1529 3120 1585 3179 ast
1599 3106 1703 3181 *male

288 3229 466 3333 disposita
493 3231 531 3304 in
556 3247 693 3307 statum
714 3228 915 3335 pristinum
943 3227 1102 3334 erigere,
1128 3244 1189 3319 et',¹
1211 3245 1255 3304 ut
1280 3247 1358 3306 erat
1383 3260 1489 3338 sagax
1509 3251 1546 3309 et
1567 3234 1706 3311 intelli-

285 3387 393 3465 gens,
415 3359 520 3465 quod
529 3359 757 3472 jampridem
771 3358 811 3433 in
825 3357 953 3464 Bergis
971 3356 1205 3461 perdiderat,
1226 3358 1267 3433 in
1281 3358 1456 3436 Alchiaco
1476 3367 1703 3440 monasterio

286 3509 498 3595 recuperat,
533 3491 731 3567 instituens
761 3487 1067 3565 Alchiacensibua
1091 3488 1303 3577 monachis,
1336 3516 1434 3563 anno
1467 3518 1543 3593 quo
1575 3521 1701 3596 supra,

286 3621 510 3728 Suelgerum
527 3622 788 3699 Bertinensem
811 3618 954 3694 ibidem
976 3616 1164 3707 abbatem,
1184 3617 1249 3721 qui
1265 3617 1420 3693 biennio
1443 3617 1556 3695 abhas
1570 3621 1700 3698 extitit.

286 3750 374 3825 Post
393 3751 499 3853 cujus
520 3751 721 3823 transitum
751 3748 952 3833 Gervinus,
974 3747 1090 3823 sancti
1116 3747 1258 3822 Bertini
1285 3748 1473 3835 cenobita,
1500 3748 1545 3824 ab
1570 3749 1701 3844 abbate

286 3874 484 3953 Heriberto
505 3876 549 3951 [it
567 3876 680 3951 abbas
701 3875 857 3951 ibidem.
879 3874 951 3949 lllo
969 3891 1138 3961 mortua,
1160 3876 1335 3950 successit
1352 3876 1572 3978 Norbertus,
1596 3898 1634 3954 et
1652 3881 1702 3956 ita

286 4005 446 4081 vicissim
466 4004 871 4108 Bertiniensessusque
889 4001 1023 4087 hodie,
1037 4003 1086 4079 :in
1098 4060 1101 4065 .
1112 4001 1221 4079 illius
1233 4002 1306 4079 loci
1325 4003 1509 4112 dignitate.
1523 4006 1701 4087 abbaciali

286 4134 550 4221 sublimantur,
573 4135 695 4211 donec
714 4132 895 4241 regularis
918 4131 1149 4207 vitenorma
1167 4131 1209 4206 in
1237 4161 1306 4208 sno
1322 4134 1515 4212 ·Sitbiensi
1543 4138 1701 4216 cenobio

285 4264 455 4371 viguerit.
951 4272 960 4281 ”

329 4464 336 4493 ¹
360 4467 392 4524 ln
411 4466 518 4525 codicis
538 4452 816 4547 margine'legitur:
839 4446 912 4531 Ηηη,
933 4486 1014 4544 usque
1035 4464 1072 4524 ad
1084 4465 1177 4546 capitis
1189 4463 1291 4544 finem,
1315 4444 1447 4555 derun'tin
1466 4467 1520 4527 olio
1543 4433 1590 4528 ημ.
1607 4444 1698 4528 laem-

283 4568 356 4646 plarr'
367 4568 544 4648 perparuam.
976 4560 989 4576 '¹
1370 4566 1372 4571 ’
