4478 5842
329 443 376 511 56
672 436 1081 511 CHARTULARIUM
1113 437 1395 511 SITHIENSE.

327 579 444 655 sancti
459 577 622 654 martiris
637 577 776 655 Christi
791 577 965 654 Dionisii.
979 578 1036 655 De
1050 606 1126 684 quo
1143 608 1230 655 cum
1240 578 1319 685 jam
1333 575 1471 653 medici
1486 576 1744 684 desperarent,

327 710 464 799 subite,
483 710 695 786 interventu
710 706 825 812 ipsius
837 707 937 785 beati
949 709 1127 798 martiris,
1142 737 1210 814 per
1218 707 1499 799 revelationem,
1512 727 1658 787 curatus
1673 728 1744 796 est,

326 858 369 916 ut
393 841 508 945 ipsius
529 840 630 917 beati
654 838 844 944 pontificis
867 856 1024 916 testatur
1043 839 1216 945 epistola,
1240 868 1322 945 quae
1348 840 1460 916 etiam
1487 841 1587 945 apud
1612 866 1681 916 nos
1706 839 1746 913 in
1803 824 1807 833 ¹

327 972 426 1047 beati
447 969 607 1047 Dionisii
626 967 797 1073 passione
824 985 975 1045 tenetur
995 970 1144 1046 inserta.
1176 969 1218 1045 In
1242 996 1314 1074 qua
1341 967 1566 1046 revelatione
1593 968 1640 1043 ab
1664 968 1746 1072 ipso

328 1102 467 1180 Christi
483 1099 635 1176 martire
652 1099 881 1175 ammonitus
895 1116 963 1189 est,
975 1116 1018 1174 ut
1027 1098 1232 1205 principale
1248 1097 1345 1175 illud
1355 1097 1469 1174 altare
1480 1101 1519 1174 in
1532 1114 1745 1175 sanctorum

328 1230 585 1334 apostolorum
612 1230 712 1305 Petri
742 1246 780 1305 ct
808 1226 913 1304 Pauli
943 1228 1134 1309 dedicaret
1158 1232 1322 1318 honore,
1349 1229 1413 1335 qui
1440 1229 1552 1305 etiam
1578 1228 1628 1316 ei,
1660 1240 1755 1307 cum*

249 1386 253 1393 ·
327 1358 470 1465 prefato
491 1358 661 1450 martire,
683 1359 722 1433 in
733 1358 812 1466 jam
835 1359 933 1435 dicta
953 1378 1200 1465 apparuerant
1217 1361 1371 1436 visione.
1395 1358 1471 1451 Qui
1487 1385 1574 1434 mor
1594 1385 1748 1479 surgens
1807 1402 1829 1431 .

329 1518 450 1580 sanus,
467 1487 643 1565 indicarit
657 1488 735 1595 regi
751 1489 920 1594 predicto
936 1489 1096 1594 Pippino
1113 1508 1150 1566 et
1163 1490 1239 1566 suis
1255 1487 1512 1577 obtimatibus,
1531 1505 1569 1563 et
1581 1487 1751 1593 implevit

329 1621 455 1695 omnia
466 1648 547 1725 quoe
562 1618 682 1695 fuerat
691 1619 832 1724 jussus.
851 1619 926 1712 Qui
942 1618 1082 1721 OErristi
1092 1620 1294 1697 roboratus
1307 1620 1459 1705 virtute,
1476 1618 1576 1694 inte'r
1586 1617 1750 1694 celebra-

328 1753 473 1828 tionem
490 1750 778 1827 consccrationis
795 1748 929 1856 prefati
942 1749 1066 1827 altaris
1084 1769 1122 1828 et
1136 1744 1367 1828 oblationem
1380 1749 1616 1826 sacratissimi
1640 1749 1752 1843 sacri-

330 1882 531 1971 ficii,unxit
541 1882 580 1956 in
591 1909 719 1989 regem
730 1881 960 1957 Francorum
980 1880 1189 1985 predictum
1201 1879 1511 1955 florentissimum
1521 1905 1648 1984 regem
1662 1879 1750 1982 Pip-

329 2014 461 2115 pinum
476 2029 514 2087 et
525 2012 619 2088 duos
635 2010 735 2087 [ilios
750 2010 845 2116 ejus,
861 2010 1041 2088 Karolum
1063 2027 1100 2086 et
1114 2009 1421 2086 Karlomannum.
1440 2006 1518 2085 Sed
1540 2024 1578 2082 et
1595 2029 1757 2083 uxorem

329 2141 446 2244 ipsius
461 2140 579 2218 incliti
593 2141 772 2244 principis
787 2140 947 2244 Pippini,
960 2139 1115 2214 nomine
1127 2138 1386 2226 Berthradam,
1400 2135 1581 2213 inclutam
1591 2135 1750 2241 cycladi-

215 2262 218 2269 ’
328 2269 399 2344 bns
423 2269 554 2376 regiis,
576 2268 695 2374 gratia
714 2264 942 2370 septiformis
964 2263 1124 2367 Spiritus
1149 2264 1292 2355 Sancti,
1316 2265 1355 2339 in
1376 2264 1447 2341 Dei
1468 2267 1637 2357 nomine,
1660 2296 1749 2344 con·

330 2399 503 2506 signavit,
535 2424 633 2472 anno
665 2395 862 2471 dominicae
892 2389 1158 2471 incarnationis
1186 2388 1344 2471 nccnrrh.
1372 2396 1494 2501 Atque
1522 2397 1751 2478 Francorum

328 2554 502 2632 proceres
520 2524 722 2631 apostolica
741 2523 1008 2601 benedictione
1022 2512 1273 2618 sanctificans,
1289 2527 1506 2604 auctoritate
1525 2527 1625 2604 beati
1637 2528 1748 2615 Petri,
1794 2558 1804 2573 ·

330 2657 400 2733 sibi
431 2655 748 2733 aDomino‘Deo
777 2655 894 2731 Jhesu
921 2655 1072 2733 Christo
1099 2656 1235 2733 tradita
1259 2657 1454 2764 obligavit3
1481 2675 1519 2733 et
1545 2658 1750 2736 obtestatus

331 2804 404 2876 est,
424 2802 467 2862 ut
485 2813 679 2891 nunquam
704 2786 750 2860 de
767 2785 882 2862 altera
901 2786 1032 2892 stirpe,
1053 2816 1121 2892 per
1138 2787 1419 2864 succedentium
1432 2806 1648 2893 temporum
1668 2818 1752 2865 cur-

332 2914 470 3000 ricula,
494 2913 565 3017 ipsi
585 2911 643 2998 rel
661 2913 801 3018 quique
823 2941 867 2988 ex
888 2943 1019 2990 eorum
1038 2918 1218 3024 progenie
1239 2919 1312 2992 orti
1332 2944 1460 3023 regem
1479 2900 1592 3024 super
1611 2947 1650 2995 sc
1670 2947 1751 3025 pre·
1802 2984 1805 2991 .

333 3059 483 3119 sumant
506 3042 632 3148 aliquo
653 3043 769 3119 modo
791 3044 1037 3136 constituere,
1056 3045 1128 3120 nisi
1151 3046 1197 3122 dc
1216 3074 1348 3122 eorum
1369 3048 1585 3155 propagine,
1602 3077 1697 3153 quos
1715 3069 1752 3127 et

334 3175 458 3250 ‹litina
480 3173 731 3279 providentia,
764 3173 813 3249 ad
841 3174 1111 3251 sanctissimam
1131 3176 1373 3282 apostolicam
1400 3178 1529 3254 sedem
1552 3179 1749 3272 tuendam,

334 3304 490 3411 eligere,
519 3321 557 3380 et
581 3332 649 3410 per
673 3333 760 3380 eum
787 3302 962 3380 videlicet
982 3304 1161 3381 vicarium
1185 3307 1300 3382 sancti
1321 3307 1436 3400 Petri,
1461 3308 1577 3385 immo
1597 3308 1751 3386 Domini

333 3436 451 3514 nostri
467 3436 583 3512 Jhesu
605 3434 761 3525 Christi,
783 3434 823 3510 in
843 3450 1067 3539 potestatem
1083 3437 1224 3544 regiam
1245 3436 1395 3545 dignata
1411 3455 1467 3515 est
1486 3438 1692 3531 sullimare,
1716 3459 1754 3517 et

333 3554 511 3645 unctione
541 3565 785 3642 sacratissima
813 3593 1038 3643 consecrare.
1070 3567 1193 3673 Atque
1222 3585 1307 3673 post
1336 3568 1414 3643 haec
1440 3568 1562 3645 isdem
1582 3569 1754 3677 pontifex

334 3699 490 3774 Romam
503 3723 690 3782 reversus,
708 3695 888 3799 Pippinus
901 3726 988 3772 cum
1000 3696 1090 3774 filiis
1104 3698 1180 3775 suis
1191 3693 1307 3777 totius
1322 3698 1484 3775 Francioe
1497 3700 1751 3777 monarchiam

336 3826 513 3931 deinceps
529 3842 585 3903 cst
598 3824 767 3929 adeptus.

955 4045 1134 4170 xxxv,

869 4275 907 4315 DE
926 4276 1079 4318 DADBERTO
1097 4278 1215 4319 annun.

392 4465 741 4569 Supramemoratus
765 4486 890 4546 autem
909 4469 1123 4549 Dadbertus
1138 4471 1270 4566 abbas,
1291 4492 1335 4550 ut
1355 4475 1529 4564 diximus,
1556 4493 1640 4582 post
1657 4476 1755 4554 Nan-

336 4593 500 4670 tharium
531 4594 678 4671 abbatia
710 4615 765 4674 est
792 4598 1023 4679 sublimatus.
1055 4602 1112 4682 De
1147 4605 1251 4713 cujus
1285 4623 1454 4712 tempore
1489 4606 1544 4682 nil
1572 4607 1613 4685 in
1642 4588 1755 4714 hujus
1845 4676 1851 4685 .

337 4723 553 4805 monasterii
569 4714 746 4807 narratur
756 4733 886 4840 gestis,
910 4762 1032 4843 neque
1059 4763 1103 4813 ex
1124 4736 1373 4844 adquisitione
1399 4736 1581 4847 regalium
1605 4736 1755 4844 privile·
1818 4810 1821 4815 ,
