4478 5842
516 482 562 550 50
859 477 1271 550 CHARTULARIUM
1307 479 1590 551 st'sntnn'sn.

514 617 686 725 delegare
709 619 948 696 deberemus.
971 621 1085 715 Quod
1108 621 1158 695 ita
1177 638 1214 696 et
1235 620 1404 697 fecimus.
1422 622 1515 696 Tam
1538 621 1585 695 de
1608 619 1717 697 alode
1736 637 1932 727 parentum

513 777 688 825 meorum
713 779 824 855 quam
853 768 890 826 et
918 751 965 826 de
992 769 1224 855 comparate,
1250 769 1377 828 senet
1403 752 1449 827 de
1474 750 1647 857 quolibet
1671 752 1836 828 adtracto
1864 780 1933 827 uu-

514 880 725 987 decunque,
752 881 875 985 ipsum
896 873 1168 958 monasterium
1190 883 1361 958 dotatum
1384 911 1462 959 esse
1482 882 1647 969 ridetur,
1669 900 1745 959 tam
1765 884 1811 959 de
1830 901 1932 987 parte

513 1028 638 1087 nostra
663 1039 774 1117 quam
801 1030 839 1087 et
859 1014 905 1087 de
923 1013 1083 1088 aliorum
1106 1012 1239 1088 collata
1267 1015 1457 1091 bonorum
1486 1013 1705 1096 bominum.
1732 1013 1790 1089 rel
1814 1012 1933 1088 unde-

513 1170 660 1247 cunque
679 1172 792 1217 ruuuu
815 1143 945 1219 vestita
972 1143 1192 1226 balmimus;
1212 1162 1249 1220 et
1273 1163 1406 1221 nostrae
1428 1145 1499 1219 l'uit
1516 1143 1928 1248 possessionisjustitia,
2019 1149 2024 1160 '

513 1300 690 1345 unacum
710 1272 834 1360 terris,
853 1274 1007 1364 rnansis,
1031 1274 1183 1349 castitiis
1198 1274 1340 1351 ibidem
1362 1274 1630 1380 aspicientibus
1644 1274 1702 1349 vel
1723 1274 1934 1378 superposi-

513 1402 573 1482 tis,
597 1401 791 1482 domibus,
818 1401 998 1489 adificiis,
1022 1404 1214 1492 acolabus,
1237 1405 1450 1507 mancipiis,
1474 1406 1631 1510 campis,
1659 1405 1778 1493 silvis,
1803 1404 1930 1508 pratis.

514 1532 673 1635 pascuis,
701 1530 900 1620 snririariis,
937 1532 1042 1634 aquis
1067 1560 1295 1636 aquarumve
1332 1532 1568 1621 decursibus,
1607 1534 1776 1636 peculiis,
1802 1534 1935 1637 prasi·

513 1661 602 1742 diis.
625 1658 832 1736 mobilibus
852 1678 889 1736 et
908 1660 1186 1748 imumbililms,
1217 1661 1451 1765 adjacentiis,
1477 1662 1720 1765 appenditiis,
1745 1663 1872 1738 omnia
1901 1680 1935 1738 et

514 1821 555 1865 ex
573 1791 764 1877 omuibus,
782 1818 861 1865 rem
879 1791 1140 1895 inexquisitam
1157 1791 1205 1865 ad
1221 1791 1421 1896 integrum.
1440 1791 1497 1881 Et,
1515 1792 1611 1866 sicut
1629 1791 1934 1879 nobisconvenit,

458 1924 461 1930 '
513 1922 697 2026 ‹paamdiu
719 1921 755 1996 iu
779 1922 849 1996 bue
874 1919 1009 1996 saeculo
1033 1920 1225 2011 advisere,
1251 1920 1374 2023 ipsum
1398 1921 1666 1995 monasterium
1688 1950 1756 2026 pro
1772 1925 1935 2025 precaria

513 2052 627 2128 saneti
649 2051 747 2128 Petri
773 2051 832 2127 vel
855 2069 988 2141 restra,
1015 2051 1152 2127 usitare
1175 2048 1234 2126 vel
1255 2050 1451 2126 dominare
1472 2078 1539 2125 seu
1559 2050 1780 2126 emeliorare
1802 2051 1938 2127 debea-

514 2211 616 2272 mus3
639 2199 776 2286 etpost
796 2210 924 2257 memn
945 2181 1220 2286 obitumatque
1238 2181 1370 2257 dehac
1390 2180 1473 2280 luce
1492 2179 1713 2266 discessum,
1731 2200 1937 2257 memorata

514 2313 590 2387 lilia
611 2342 694 2389 mea
715 2311 876 2389 Auriana
902 2312 1045 2417 inipso
1072 2312 1299 2389 monasterio
1327 2312 1463 2417 degere
1487 2310 1545 2386 vel
1568 2338 1695 2417 regere
1722 2310 1873 2402 debeat3
1900 2331 1935 2387 et

516 2460 599 2546 post
620 2472 730 2518 suum
758 2442 922 2534 obitum,
946 2443 1068 2549 ipsum
1098 2442 1369 2520 monasterium
1396 2442 1568 2545 superius
1593 2442 1831 2518 nominatum
1858 2444 1936 2518 llu-

513 2572 620 2650 nullo
637 2573 764 2651 Curtis
785 2575 830 2649 ad
852 2574 1059 2681 integrum,
1082 2591 1254 2681 aspectus
1275 2573 1331 2650 rel
1348 2572 1555 2677 subjectus,
1579 2573 1867 2676 omnitempore
1888 2574 1932 2647 ad

515 2703 640 2779 Sitbiu
659 2704 888 2780 monasterio
910 2705 1047 2782 debeat
1072 2734 1164 2783 esse.
1187 2707 1233 2781 Et
1254 2734 1372 2812 quem,
1390 2706 1467 2809 ipse.
1486 2704 1616 2795 abbaS,
1640 2703 1704 2809 qui
1727 2720 1819 2778 tunc
1842 2704 1935 2777 tem-

459 2879 464 2890 ·
516 2833 616 2935 poris
636 2832 756 2919 adest,
778 2833 836 2907 rel
859 2832 988 2908 fratres
1008 2835 1055 2909 de.
1077 2837 1158 2939 ipso
1175 2834 1404 2912 monasterio
1426 2835 1553 2910 Sitbiu
1568 2833 1712 2909 ibidem
1734 2832 1938 2907 consisten-

517 2978 585 3050 teS,
604 2960 814 3064 complacet
834 2962 984 3066 qttalcm
1001 2964 1244 3067 praeposituris
1264 2964 1312 3038 ad
1333 2964 1456 3066 ipsum
1478 2964 1747 3038 monasterium
1766 2979 1935 3037 nostrum

515 3091 743 3166 constituere
762 3089 963 3180 volueriut,
985 3109 1208 3196 potestatem
1230 3093 1269 3167 in
1290 3092 1469 3168 omuibus
1487 3092 1626 3167 habere
1641 3109 1868 3167 mereantur.
1892 3094 1937 3166 Et

514 3220 770 3323 supplicamus
799 3221 897 3325 ipsos
926 3220 1057 3297 fratres
1090 3240 1127 3299 et
1160 3238 1324 3299 rectores
1354 3222 1471 3327 ipsius
1505 3221 1748 3308 monasterii,
1785 3237 1936 3326 propter

514 3350 637 3426 Deum
650 3368 687 3427 et
697 3352 911 3427 mercedem
923 3368 1087 3428 nostram
1099 3352 1334 3442 lucrandam,
1348 3369 1391 3428 ut
1402 3352 1523 3456 ipsum
1536 3352 1821 3436 monasterium,
1835 3350 1933 3457 quod

515 3480 659 3556 ibidem
675 3481 1025 3568 transfirmavimus,
1046 3483 1092 3558 de
1113 3482 1259 3572 missas,
1278 3482 1459 3572 decursu,
1478 3483 1526 3556 de
1543 3461 1795 3557 luminaribus
1810 3510 1934 3557 curam

428 3613 432 3622 '
518 3609 654 3686 babere
677 3611 868 3703 studeant,
897 3614 1002 3688 etde
1023 3611 1237 3717 hospitibus
1264 3630 1300 3687 et
1326 3612 1533 3720 peregrinis
1559 3611 1760 3701 caritatem,
1787 3628 1827 3686 ut
1847 3637 1939 3686 mer-

516 3740 648 3817 cedem
670 3743 804 3820 exiude
824 3742 963 3819 babere
985 3744 1164 3834 debeant,
1189 3760 1226 3819 et
1245 3770 1386 3819 nomen
1406 3761 1578 3819 nostrum
1599 3744 1638 3818 in
1661 3727 1760 3818 libro
1778 3741 1859 3816 vitre
1880 3769 1937 3815 re·

516 3888 703 3949 censeant.
720 3873 768 3948 Et
780 3872 904 3976 ipsum
917 3874 1186 3949 monasterium
1203 3872 1242 3947 in
1265 3902 1396 3950 eorum
1408 3873 1506 3979 jure,
1526 3886 1705 3976 perpetua
1721 3870 1935 3948 donatione.

516 4004 588 4080 hoe
605 4020 662 4080 est
680 4004 797 4109 ipsius
812 4005 1028 4081 monasterii
1051 4003 1388 4097 subintrabunt,
1406 4020 1560 4080 teneant
1577 4019 1687 4108 atquc
1703 4001 1935 4106 possideant,

515 4133 572 4210 vel
589 4134 770 4241 quicquid
793 4135 927 4211 exinde
947 4135 1069 4211 lacere
1088 4134 1295 4225 voluerint,
1314 4135 1476 4211 liberum
1494 4134 1533 4208 in
1552 4131 1730 4210 onrnibus
1748 4132 1938 4237 potiantur

516 4264 725 4342 arbitrium.
751 4268 798 4342 Et
821 4267 851 4342 si
873 4266 958 4370 quis
975 4295 1079 4352 uero,
1107 4266 1211 4371 ‹prrod
1231 4265 1314 4341 fieri
1335 4265 1492 4341 minime
1519 4264 1706 4340 eredimus
1731 4262 1855 4368 (quod
1872 4262 1935 4336 ab·

516 4392 564 4467 sit
577 4393 629 4493 l),
642 4394 673 4467 si
689 4411 839 4503 egomet
859 4395 951 4499 ipse,
974 4414 1038 4472 aut
1051 4396 1152 4472 ullus
1169 4397 1216 4472 de
1233 4395 1439 4471 heredibus
1453 4413 1516 4470 aut
1532 4392 1807 4500 proheredibus
1825 4391 1933 4475 meis,

515 4548 580 4598 seu
597 4522 776 4628 quislibet
790 4525 867 4602 ulla
887 4528 1020 4603 eruissa
1039 4545 1102 4604 aut
1119 4546 1290 4606 extranea
1309 4555 1469 4634 persona
1482 4527 1606 4618 luerit,
1629 4526 1692 4632 qui
1716 4541 1843 4601 contra
1865 4524 1936 4598 boe

519 4670 782 4733 testamentum
803 4659 927 4736 venire
947 4659 1126 4750 voluerit,
1149 4676 1214 4736 ant
1232 4658 1434 4767 infringere
1455 4658 1548 4735 illud
1568 4655 1864 4762 praesurnpserit;
1880 4654 1936 4727 in-

516 4786 688 4890 primitus
712 4789 804 4865 iram
825 4792 895 4867 Dei
918 4792 1189 4895 omnipotentis
1208 4790 1386 4878 incurrat,
1415 4807 1452 4866 et
1474 4806 1558 4865 ante
1583 4786 1750 4865 tribunal
1775 4784 1932 4867 Christi.
