4478 5842
564 489 690 562 PARS
718 489 1035 563 SECUNDA.—
1053 491 1262 566 SIMONIS
1288 493 1381 564 LIB.
1411 495 1459 565 11.
1646 491 1719 561 265

954 738 1068 813 Llll.

604 938 748 990 Quattrntt
770 900 929 988 inumata,
953 939 1118 987 Episcopus,
1142 941 1246 981 runata
1269 941 1425 983 DETRUSUS.

361 1117 593 1221 Postquam,
608 1114 785 1193 Albertus
801 1115 848 1192 de
862 1116 983 1207 Belle,
999 1134 1130 1224 rogatu
1146 1146 1303 1194 suorum
1319 1118 1358 1193 in
1373 1118 1490 1224 regia,
1502 1118 1725 1223 comitisque

306 1247 457 1352 majoris
475 1240 631 1323 Roberti
650 1246 845 1337 violentia,
873 1245 1061 1337 intrusus,
1084 1246 1130 1323 ab
1151 1248 1329 1324 omnibus
1351 1277 1438 1323 cum
1456 1247 1620 1325 terribili
1643 1276 1726 1324 exe-

306 1376 470 1452 eratione
486 1393 541 1453 est
558 1375 751 1453 refutatus.
769 1379 881 1467 Nam,
900 1377 1077 1454 crucifixo
1098 1395 1184 1454 ante
1201 1378 1322 1455 valvas
1338 1377 1493 1455 ecclesie
1509 1379 1725 1469 constituto,

305 1506 485 1584 cartulam
506 1505 553 1582 de
577 1505 675 1583 collo
692 1506 973 1612 suspenderunt
987 1506 1220 1611 inscriptam,
1235 1507 1425 1584 horrenda
1443 1507 1723 1595 interdictione,

305 1666 378 1743 qua
392 1636 667 1743 prohibebatur
682 1665 729 1712 ne
750 1664 827 1713 non
849 1635 990 1713 electus
1010 1637 1139 1713 sedem
1160 1637 1411 1743 episcopalem
1427 1639 1584 1716 auderet
1598 1666 1727 1744 preoc-

305 1795 453 1873 cupare.
480 1766 594 1859 Quod
610 1744 704 1843 ¹curn
730 1765 895 1845 fautores
918 1765 1089 1874 ejusdem
1105 1765 1250 1843 Alberti
1268 1795 1338 1873 pro
1365 1768 1507 1845 nichilo
1525 1768 1724 1860 ducerent,

288 1902 404 1974 'unus
425 1925 576 1985 eorum,
604 1913 648 1973 ut
668 1896 826 1988 audivit,
856 1914 1041 2003 arreptam
1071 1897 1266 1977 cartulam..
1278 1899 1316 1972 in
1342 1915 1444 1974 tanta
1481 1899 1654 1989 detraxit,
1686 1916 1729 1974 ut

305 2027 518 2104 crucifixam
538 2025 693 2103 Domini
711 2026 925 2133 ymaginem
942 2026 1161 2103 facietenus
1180 2043 1279 2104 terre
1297 2026 1486 2135 dejiceret.
1503 2028 1591 2122 Quo
1611 2027 1724 2118 facto,

305 2157 448 2235 clericis
468 2156 507 2232 in
528 2156 671 2234 diversa
691 2157 883 2263 dispersis,
900 2157 1087 2266 bonisque
1101 2186 1235 2234 eorum
1253 2157 1425 2263 direptis,
1448 2159 1595 2234 invasor
1610 2158 1728 2235 eecle-

305 2289 398 2365 siam
413 2314 481 2394 per
496 2286 772 2394 aliquantulum
783 2289 968 2394 temporis
980 2289 1256 2395 preoccupavit,
1278 2318 1384 2381 cum,
1405 2316 1448 2365 ex
1463 2288 1664 2394 improviso
1682 2288 1728 2363 ab

304 2418 491 2510 Eustatio,
514 2421 707 2511 advocato,
727 2420 974 2525 interceptus,
997 2418 1168 2496 mutilata
1189 2421 1334 2528 lingua,
1359 2418 1604 2525 abscissisque
1628 2446 1729 2495 sum-

304 2547 497 2626 mitatibus
510 2549 770 2638 articulorum,
784 2550 899 2658 digno
916 2579 1002 2626 cum
1015 2549 1218 2642 dedecore,
1233 2551 1353 2628 caruit
1366 2550 1471 2656 quod
1483 2551 1730 2627 irreverenter

308 2680 547 2785 presumpsit.

964 2877 1068 2955 LIV.

668 3061 705 3100 nit
727 3056 826 3101 DOMNO
847 3058 997 3109 (inultm,
1020 3059 1154 3104 netscom
1176 3056 1364 3103 uontnoutttt.

361 3238 596 3337 Morinenses
616 3265 723 3327 vero,
747 3253 834 3342 post
856 3237 971 3343 hujus
995 3237 1275 3327 exaltationem,
1297 3236 1507 3341 §erardum
1528 3237 1731 3316 substitue·

243 3357 245 3363 ’
305 3386 405 3446 runt.
418 3350 605 3446 Adversus
621 3396 737 3474 quem
747 3368 905 3445 toxicata
922 3368 1021 3446 dicta
1038 3354 1276 3458 exacuentes,
1294 3397 1371 3445 non
1393 3385 1643 3457 cessaverunt,
1664 3368 1732 3444 do-

305 3527 374 3577 nec
395 3499 526 3606 multis
550 3496 861 3604 vituperabilibus
883 3498 1035 3576 inlamie
1062 3496 1286 3588 redderent,
1311 3514 1364 3585 et,
1389 3495 1436 3572 ab
1461 3496 1611 3574 Urbano
1637 3525 1732 3603 papa

307 3630 485 3738 dignitate
507 3608 711 3735 pontificali
735 3646 909 3718 exutum,
936 3629 1153 3738 dejicerent.
1179 3627 1289 3705 Visus
1318 3643 1375 3705 est
1397 3626 1499 3704 idem
1518 3644 1662 3732 postea,
1691 3628 1732 3703 in

306 3780 435 3842 monte
458 3761 574 3838 sancti
594 3759 722 3868 litigii,
753 3759 858 3865 juxta
885 3758 1141 3848 Attrebatum,
1161 3785 1403 3836 communem
1431 3786 1518 3833 cum
1547 3756 1733 3835 canonicis

308 3894 446 3968 ducere
465 3891 589 3968 vitam.

979 4068 1060 4143 LV.

795 4232 833 4272 DE
856 4230 1022 4276 ELECTIONIS
1041 4230 1238 4275 btvnmtraru.

364 4411 423 4488 Ad
447 4410 755 4490 substituendum
776 4409 892 4519 igitur
909 4411 1147 4518 pontificem,
1168 4427 1246 4489 tota
1270 4409 1308 4486 in
1328 4407 1482 4516 prelatis
1499 4407 1727 4489 Morinensis

309 4539 486 4618 ecclesia1
505 4544 704 4620 Taruenne
728 4540 916 4620 adunatur
933 4542 1103 4622 diocesis.
1127 4542 1263 4622 Clarus
1282 4539 1507 4619 canonicum
1524 4539 1728 4647 quemdam

309 4670 435 4750 Sancti
451 4671 673 4762 Andomari,
687 4672 982 4765 Erlrembaldum
995 4671 1167 4764 nomine,
1178 4673 1302 4753 virum
1315 4670 1506 4764 nobilem,
1521 4668 1729 4749 litteratum

354 4835 363 4866 ¹
384 4835 463 4898 Fort.
479 4837 654 4901 unendand.
668 4850 725 4900 totu
736 4834 897 4900 Mutinensis
911 4840 940 4898 in
951 4838 1063 4900 ecclesia
1081 4837 1310 4907 Tammmte:
1492 4931 1511 4993 3

1512 4935 1533 4998 ίι
