4478 5842
350 474 423 547 562
688 477 1101 552 CHARTULARIUM
1135 478 1421 550 SlTHIENSE.

347 615 501 705 viveret,
524 617 625 722 apud
643 620 936 727 Poperinghem,
963 620 1160 725 pensione,
1189 636 1227 696 et
1245 620 1412 726 prioratu
1435 620 1482 695 de
1503 619 1655 698 Ocslara
1677 649 1764 697 cum

347 747 526 823 omnibus
541 748 617 825 suis
633 749 880 853 pertinentiis.

975 991 1142 1081 XLVII.

671 1194 708 1233 ns
727 1193 814 1234 oraru
839 1193 873 1231 ar
895 1192 1063 1236 susurrans
1085 1182 1275 1235 ramiruaan
1299 1194 1427 1235 ausuras.

398 1346 495 1425 Vixit
512 1368 637 1427 autem
653 1353 691 1428 in
705 1354 872 1460 prioratu
883 1352 962 1459 jam
976 1351 1109 1441 relato,
1122 1352 1227 1458 juxta
1242 1352 1433 1430 Casletum
1446 1353 1534 1441 sito,
1553 1352 1666 1430 abbas
1680 1381 1760 1432 nos

339 1495 397 1554 ter
418 1480 612 1559 mensibus
635 1511 712 1573 sex,
746 1483 880 1559 diebus
903 1483 950 1557 de
975 1480 1104 1587 viginti
1131 1482 1284 1559 duobus
1308 1472 1486 1589 demptis,
1513 1512 1588 1589 quo
1614 1484 1653 1560 in
1673 1482 1758 1562 looo

339 1610 537 1686 consortiis
558 1611 675 1687 caruit
698 1612 890 1702 humanis,
909 1628 1041 1717 quarto
1061 1610 1305 1688 kalendarum
1335 1611 1583 1712 februarium3
1607 1630 1644 1690 et
1668 1613 1757 1691 inde

337 1738 412 1814 huc
432 1739 579 1817 delatus
596 1741 635 1816 in
664 1742 744 1818 navi
766 1740 918 1819 ecclesie
938 1768 1057 1846 prope
1083 1740 1280 1818 introitum
1300 1742 1424 1833 chori,
1442 1743 1547 1849 juxta
1567 1742 1757 1820 Heriberti

336 1868 397 1974 pie
413 1871 596 1947 memorie
613 1870 758 1949 abbatis
772 1869 981 1962 tumulum,
1002 1900 1046 1947 ex
1063 1870 1254 1979 aquilonis
1272 1888 1392 1978 parte,
1411 1890 1496 1948 ante
1511 1872 1755 1951 reverendam

337 2000 526 2077 dominice
551 2002 733 2110 passionis
756 2003 1136 2107 representationem,
1158 2030 1278 2108 ¹quam
1303 2001 1381 2107 ipse
1407 2002 1574 2080 decorari
1598 2002 1752 2091 fecerat,

336 2130 531 2238 sepulture
555 2149 610 2208 est
632 2131 803 2209 traditus.

389 2358 436 2434 Et
453 2356 515 2433 hic
534 2354 619 2433 linit
636 2357 875 2437 continuator
889 2356 1072 2444 Simonis,
1089 2356 1154 2462 qui
1174 2373 1277 2462 gesta
1298 2354 1411 2433 babet
1430 2355 1587 2447 Leonis,
1610 2355 1754 2433 Godes-
1773 2453 1777 2459 Ι

334 2486 477 2564 calciet
493 2486 660 2567 Simonis
678 2514 717 2563 111
727 2493 750 2562 ¹.

946 2702 1135 2777 ιιιιιιιι.
1232 2808 1235 2815 1

332 2908 493 2948 1Ν5Τ1Τΰῐ10
514 2907 597 2946 ceant
622 2906 762 2946 annutans
784 2904 813 2943 ll(
844 2904 993 2944 canantius
1020 2903 1126 2946 VlTREA
1153 2902 1335 2975 laternam
1359 2902 1460 2943 Parata
1488 2903 1604 2944 nunant!
1628 2905 1747 2947 CAPSAH.

387 3086 607 3160 «Presentes
625 3082 741 3157 sciant
759 3098 796 3157 et
814 3081 947 3170 saturi,
968 3109 1153 3157 consensu
1166 3081 1287 3158 tocius
1303 3079 1470 3187 capituli,
1490 3111 1510 3157 a
1531 3081 1673 3160 domno
1692 3085 1750 3162 Si-

329 3242 462 3304 mone,
485 3213 617 3291 abbate
637 3210 902 3319 suprascripto,
924 3211 1171 3288 constitutum
1193 3241 1288 3302 esse,
1311 3228 1354 3287 ut
1374 3228 1459 3289 ante
1479 3230 1622 3318 patrem
1644 3242 1748 3292 sanc·
1807 3280 1810 3285 .

326 3364 409 3423 tum
432 3345 628 3422 Bertinum
656 3369 784 3420 cereus
808 3340 938 3417 ardere
967 3338 1102 3417 debeat
1134 3340 1195 3418 die
1225 3357 1414 3447 noctuque
1442 3334 1480 3417 in
1508 3360 1744 3450 perpetuum.

326 3478 405 3553 Hoc
429 3492 557 3554 autem
584 3473 798 3580 Philippus,
827 3470 941 3577 hujus
969 3488 1173 3547 conventus
1201 3471 1324 3578 prior,
1357 3469 1408 3547 ob
1439 3473 1554 3549 sancti
1580 3473 1747 3582 pignoris

326 3635 509 3698 amorem,
531 3606 726 3695 inchoans,
747 3604 830 3680 Deo
850 3589 1013 3690 favente,
1037 3600 1165 3679 labore
1183 3601 1335 3707 proprio
1358 3600 1407 3677 ad
1427 3602 1601 3680 effectum
1623 3633 1744 3712 usque

324 3737 511 3844 produxit.
536 3735 640 3812 Emit
659 3734 760 3811 enim
781 3761 845 3809 sua
864 3730 1044 3838 peculiari
1065 3731 1311 3838 acquisitione
1326 3749 1464 3845 terram
1484 3733 1524 3809 in
1541 3761 1637 3842 pago
1654 3735 1745 3813 Bro-

323 3868 501 3977 burgensi
521 3866 648 3955 sitam,
672 3893 716 3940 ex
739 3892 813 3969 qua
831 3861 1026 3938 annuatim
1049 3878 1210 3969 quatuor
1229 3863 1379 3939 marche
1398 3863 1643 3970 proveniunt,
1669 3893 1743 3971 que
1775 3972 1777 3976 μ

324 4025 518 4104 nunquam
547 4024 616 4102 pm
640 3994 715 4073 alio
743 3991 963 4070 accidentali
990 4009 1169 4098 poterunt
1193 3992 1388 4082 imminui,
1418 3993 1568 4072 duobus
1591 4024 1743 4102 quoque

323 4128 574 4234 temporibus,
595 4125 769 4203 videlicet
793 4124 832 4202 in
852 4124 1115 4233 purificatione
1137 4124 1247 4202 beate
1271 4124 1401 4202 matris
1419 4125 1551 4216 Maria,
1583 4142 1622 4203 et
1649 4125 1745 4205 lesto

321 4259 437 4335 sancti
462 4258 612 4335 Martini
637 4255 838 4363 hyemalis,
862 4254 967 4332 fideli
996 4253 1214 4341 libramine,
1239 4284 1260 4330 a
1285 4255 1505 4332 censoribus
1531 4274 1643 4334 eruut
1660 4284 1745 4363 per-

321 4387 510 4464 solvenda.
536 4389 611 4465 Nec
634 4386 682 4462 sit
703 4384 839 4490 aliquis
860 4385 926 4490 qui
949 4416 969 4462 a
987 4386 1104 4463 sancti
1122 4386 1238 4494 hujus
1258 4386 1497 4463 veneratione
1521 4386 1743 4465 subtrahere

321 4517 473 4605 audeat,
501 4517 573 4593 nisi
594 4515 685 4592 velit
706 4517 951 4594 anathematis
975 4544 1170 4601 censuram
1195 4517 1400 4594 incurrere.
1425 4519 1498 4594 Pro
1521 4518 1741 4626 hujusmodi

319 4647 541 4737 benefactis,
562 4663 793 4725 memoratus
809 4647 912 4753 prior
925 4647 1215 4725 anniversarium
1235 4646 1365 4738 habet,
1385 4676 1406 4724 a
1425 4647 1591 4754 sepefato
1606 4647 1740 4727 abbate

362 4815 370 4847 ¹
390 4815 459 4900 Leg.
481 4835 514 4877 ιι.
530 4813 599 4875 Haec
613 4824 739 4876 extrema
755 4813 843 4872 rerba
864 4812 982 4896 adjecit,
1005 4823 1037 4872 ut
1055 4810 1182 4880 ridetur,
1200 4810 1361 4872 librarius..
1379 4865 1387 4879 ,
