<?xml version="1.0" encoding="UTF-8"?>
<!DOCTYPE html PUBLIC "-//W3C//DTD XHTML 1.0 Transitional//EN"
    "http://www.w3.org/TR/xhtml1/DTD/xhtml1-transitional.dtd">
<html xmlns="http://www.w3.org/1999/xhtml" xml:lang="en" lang="en">
 <head>
  <title>
</title>
<meta http-equiv="Content-Type" content="text/html;charset=utf-8" />
  <meta name='ocr-system' content='tesseract 3.04.00' />
  <meta name='ocr-capabilities' content='ocr_page ocr_carea ocr_par ocr_line ocrx_word'/>
</head>
<body>
  <div class='ocr_page' id='page_1' title='image "./cartulairedelab00frangoog_0407.png"; bbox 0 0 4478 5842; ppageno 0'>
   <div class='ocr_carea' id='block_1_1' title="bbox 348 479 1421 555">
    <p class='ocr_par' dir='ltr' id='par_1_1' title="bbox 348 479 1421 555">
     <span class='ocr_line' id='line_1_1' title="bbox 348 479 1421 555; baseline 0.002 -6"><span class='ocrx_word' id='word_1_1' title='bbox 348 483 423 555; x_wconf 82' lang='lat'><strong>296</strong></span> <span class='ocrx_word' id='word_1_2' title='bbox 696 479 1107 554; x_wconf 82' lang='lat' dir='ltr'>CHARTULARIUM</span> <span class='ocrx_word' id='word_1_3' title='bbox 1140 480 1421 554; x_wconf 86' lang='lat' dir='ltr'><strong>SITHIENSE.</strong></span> 
     </span>
    </p>
   </div>
   <div class='ocr_carea' id='block_1_2' title="bbox 346 621 1769 831">
    <p class='ocr_par' dir='ltr' id='par_1_2' title="bbox 346 621 1769 831">
     <span class='ocr_line' id='line_1_2' title="bbox 418 621 1769 732; baseline 0.002 -33"><span class='ocrx_word' id='word_1_4' title='bbox 418 622 552 699; x_wconf 85' lang='lat' dir='ltr'><strong>Actum</strong></span> <span class='ocrx_word' id='word_1_5' title='bbox 580 621 770 708; x_wconf 88' lang='lat' dir='ltr'><strong>Noviomi‚</strong></span> <span class='ocrx_word' id='word_1_6' title='bbox 805 651 904 699; x_wconf 91' lang='lat' dir='ltr'><strong>anno</strong></span> <span class='ocrx_word' id='word_1_7' title='bbox 936 623 1125 700; x_wconf 89' lang='lat' dir='ltr'><strong>dominice</strong></span> <span class='ocrx_word' id='word_1_8' title='bbox 1153 623 1421 732; x_wconf 87' lang='lat' dir='ltr'><strong>incarnationis</strong></span> <span class='ocrx_word' id='word_1_9' title='bbox 1453 631 1612 711; x_wconf 53' lang='lat' dir='ltr'><strong>uoxxvl’,</strong></span> <span class='ocrx_word' id='word_1_10' title='bbox 1649 624 1769 702; x_wconf 92' lang='lat' dir='ltr'><strong>indic-</strong></span> 
     </span>
     <span class='ocr_line' id='line_1_3' title="bbox 346 754 534 831; baseline 0.016 -3"><span class='ocrx_word' id='word_1_11' title='bbox 346 754 449 829; x_wconf 86' lang='lat' dir='ltr'>tione</span> <span class='ocrx_word' id='word_1_12' title='bbox 472 770 534 831; x_wconf 79' lang='lat'><strong>111⁸.</strong></span> 
     </span>
    </p>
   </div>
   <div class='ocr_carea' id='block_1_3' title="bbox 528 934 1766 1221">
    <p class='ocr_par' dir='ltr' id='par_1_3' title="bbox 528 934 1766 1221">
     <span class='ocr_line' id='line_1_4' title="bbox 528 934 1766 1017; baseline 0.006 -26"><span class='ocrx_word' id='word_1_13' title='bbox 528 935 674 1017; x_wconf 70' lang='lat' dir='ltr'><strong>asignum</strong></span> <span class='ocrx_word' id='word_1_14' title='bbox 703 934 838 1003; x_wconf 79' lang='lat' dir='ltr'><strong>Stuours.</strong></span> <span class='ocrx_word' id='word_1_15' title='bbox 866 935 994 1017; x_wconf 84' lang='lat' dir='ltr'>episcopi</span> <span class='ocrx_word' id='word_1_16' title='bbox 1018 935 1218 994; x_wconf 88' lang='lat' dir='ltr'><strong>Tornacensis.</strong></span> <span class='ocrx_word' id='word_1_17' title='bbox 1248 934 1372 1017; x_wconf 81' lang='lat' dir='ltr'>Signum</span> <span class='ocrx_word' id='word_1_18' title='bbox 1403 937 1552 1005; x_wconf 76' lang='lat' dir='ltr'><strong>bosnam,</strong></span> <span class='ocrx_word' id='word_1_19' title='bbox 1577 939 1766 998; x_wconf 87' lang='lat' dir='ltr'><strong>Tornaoensis</strong></span> 
     </span>
     <span class='ocr_line' id='line_1_5' title="bbox 568 1036 1765 1119; baseline 0.002 -21"><span class='ocrx_word' id='word_1_20' title='bbox 568 1037 773 1098; x_wconf 73' lang='lat' dir='ltr'><strong>archidiaconi.</strong></span> <span class='ocrx_word' id='word_1_21' title='bbox 793 1036 917 1118; x_wconf 81' lang='lat' dir='ltr'><strong>Signum</strong></span> <span class='ocrx_word' id='word_1_22' title='bbox 940 1039 1098 1104; x_wconf 71' lang='lat' dir='ltr'><strong>Famam,</strong></span> <span class='ocrx_word' id='word_1_23' title='bbox 1121 1037 1232 1097; x_wconf 87' lang='lat' dir='ltr'><strong>decani.</strong></span> <span class='ocrx_word' id='word_1_24' title='bbox 1254 1037 1378 1119; x_wconf 85' lang='lat' dir='ltr'><strong>Signum</strong></span> <span class='ocrx_word' id='word_1_25' title='bbox 1399 1040 1548 1109; x_wconf 81' lang='lat' dir='ltr'><strong>Hunonrs.</strong></span> <span class='ocrx_word' id='word_1_26' title='bbox 1572 1040 1765 1103; x_wconf 76' lang='lat' dir='ltr'><strong>archidiaconi</strong></span> 
     </span>
     <span class='ocr_line' id='line_1_6' title="bbox 568 1139 1341 1221; baseline 0.003 -22"><span class='ocrx_word' id='word_1_27' title='bbox 568 1140 779 1202; x_wconf 83' lang='lat' dir='ltr'><strong>Noviomensis.</strong></span> <span class='ocrx_word' id='word_1_28' title='bbox 800 1139 924 1221; x_wconf 85' lang='lat' dir='ltr'><strong>Signum</strong></span> <span class='ocrx_word' id='word_1_29' title='bbox 944 1140 1137 1208; x_wconf 78' lang='lat' dir='ltr'><strong>Waseaanu,</strong></span> <span class='ocrx_word' id='word_1_30' title='bbox 1157 1140 1341 1201; x_wconf 73' lang='lat' dir='ltr'><strong>thesaurarii.</strong></span> 
     </span>
    </p>
   </div>
   <div class='ocr_carea' id='block_1_4' title="bbox 494 1279 1114 1360">
    <p class='ocr_par' dir='ltr' id='par_1_4' title="bbox 494 1279 1114 1360">
     <span class='ocr_line' id='line_1_7' title="bbox 494 1279 1114 1360; baseline 0 -22"><span class='ocrx_word' id='word_1_31' title='bbox 494 1279 576 1360; x_wconf 83' lang='lat' dir='ltr'><strong>«Ego</strong></span> <span class='ocrx_word' id='word_1_32' title='bbox 588 1279 688 1348; x_wconf 77' lang='lat' dir='ltr'><strong>Hune.</strong></span> <span class='ocrx_word' id='word_1_33' title='bbox 704 1279 909 1347; x_wconf 82' lang='lat' dir='ltr'><strong>cancellarius,</strong></span> <span class='ocrx_word' id='word_1_34' title='bbox 924 1279 1114 1360; x_wconf 77' lang='lat' dir='ltr'><strong>subscripsi.»</strong></span> 
     </span>
    </p>
   </div>
   <div class='ocr_carea' id='block_1_5' title="bbox 1013 1542 1130 1627">
    <p class='ocr_par' dir='ltr' id='par_1_5' title="bbox 1013 1542 1130 1627">
     <span class='ocr_line' id='line_1_8' title="bbox 1013 1542 1130 1627; baseline -0.026 -13"><span class='ocrx_word' id='word_1_35' title='bbox 1013 1542 1101 1615; x_wconf 88' lang='lat' dir='ltr'><strong>Cll.</strong></span> <span class='ocrx_word' id='word_1_36' title='bbox 1127 1622 1130 1627; x_wconf 43' lang='grc'><strong>,</strong></span> 
     </span>
    </p>
   </div>
   <div class='ocr_carea' id='block_1_6' title="bbox 346 1741 1765 1794">
    <p class='ocr_par' dir='ltr' id='par_1_6' title="bbox 346 1741 1765 1794">
     <span class='ocr_line' id='line_1_9' title="bbox 346 1741 1765 1794; baseline 0.007 -10"><span class='ocrx_word' id='word_1_37' title='bbox 346 1746 495 1786; x_wconf 67' lang='lat' dir='ltr'><strong>armentu</strong></span> <span class='ocrx_word' id='word_1_38' title='bbox 522 1745 614 1784; x_wconf 78' lang='lat' dir='ltr'>GARTE</span> <span class='ocrx_word' id='word_1_39' title='bbox 637 1742 754 1789; x_wconf 74' lang='lat' dir='ltr'><strong>ennom,</strong></span> <span class='ocrx_word' id='word_1_40' title='bbox 778 1742 922 1782; x_wconf 67' lang='lat' dir='ltr'><strong>stannum</strong></span> <span class='ocrx_word' id='word_1_41' title='bbox 945 1741 1076 1789; x_wconf 70' lang='grc' dir='ltr'><strong>ΟΟΜΙΤΙΒ,</strong></span> <span class='ocrx_word' id='word_1_42' title='bbox 1100 1743 1137 1782; x_wconf 76' lang='lat' dir='ltr'><strong>DE</strong></span> <span class='ocrx_word' id='word_1_43' title='bbox 1162 1742 1321 1783; x_wconf 65' lang='lat' dir='ltr'><strong>alunnum</strong></span> <span class='ocrx_word' id='word_1_44' title='bbox 1345 1742 1511 1787; x_wconf 67' lang='lat' dir='ltr'><strong>constratus</strong></span> <span class='ocrx_word' id='word_1_45' title='bbox 1534 1749 1571 1786; x_wconf 80' lang='lat' dir='ltr'><strong>DE</strong></span> <span class='ocrx_word' id='word_1_46' title='bbox 1596 1749 1765 1794; x_wconf 75' lang='lat' dir='ltr'><strong>anonuunfl.</strong></span> 
     </span>
    </p>
   </div>
   <div class='ocr_carea' id='block_1_7' title="bbox 345 1916 1765 2154">
    <p class='ocr_par' dir='ltr' id='par_1_7' title="bbox 345 1916 1765 2154">
     <span class='ocr_line' id='line_1_10' title="bbox 402 1916 1765 2010; baseline 0.003 -16"><span class='ocrx_word' id='word_1_47' title='bbox 402 1960 414 1986; x_wconf 70' lang='grc' dir='ltr'><strong>ιι</strong></span> <span class='ocrx_word' id='word_1_48' title='bbox 428 1921 470 1995; x_wconf 91' lang='lat' dir='ltr'><strong>ln</strong></span> <span class='ocrx_word' id='word_1_49' title='bbox 491 1920 645 1995; x_wconf 91' lang='lat' dir='ltr'><strong>nomine</strong></span> <span class='ocrx_word' id='word_1_50' title='bbox 665 1936 789 1995; x_wconf 89' lang='lat' dir='ltr'><strong>sancte</strong></span> <span class='ocrx_word' id='word_1_51' title='bbox 806 1936 843 1994; x_wconf 88' lang='lat' dir='ltr'><strong>et</strong></span> <span class='ocrx_word' id='word_1_52' title='bbox 858 1916 1051 1993; x_wconf 90' lang='lat' dir='ltr'><strong>individue</strong></span> <span class='ocrx_word' id='word_1_53' title='bbox 1068 1917 1273 1994; x_wconf 86' lang='lat' dir='ltr'><strong>Trinitatis.</strong></span> <span class='ocrx_word' id='word_1_54' title='bbox 1291 1918 1464 2010; x_wconf 79' lang='lat' dir='ltr'><strong>Carolus,</strong></span> <span class='ocrx_word' id='word_1_55' title='bbox 1483 1920 1605 1997; x_wconf 89' lang='lat' dir='ltr'><strong>divina</strong></span> <span class='ocrx_word' id='word_1_56' title='bbox 1621 1920 1765 1998; x_wconf 87' lang='lat' dir='ltr'><strong>favente</strong></span> 
     </span>
     <span class='ocr_line' id='line_1_11' title="bbox 345 2046 1765 2154; baseline 0.003 -29"><span class='ocrx_word' id='word_1_57' title='bbox 345 2049 544 2125; x_wconf 89' lang='lat' dir='ltr'><strong>clementia</strong></span> <span class='ocrx_word' id='word_1_58' title='bbox 567 2048 857 2123; x_wconf 89' lang='lat' dir='ltr'><strong>Flandrensium</strong></span> <span class='ocrx_word' id='word_1_59' title='bbox 881 2075 1018 2123; x_wconf 90' lang='lat' dir='ltr'><strong>comes.</strong></span> <span class='ocrx_word' id='word_1_60' title='bbox 1040 2046 1138 2124; x_wconf 88' lang='lat' dir='ltr'><strong>Cum</strong></span> <span class='ocrx_word' id='word_1_61' title='bbox 1163 2046 1263 2152; x_wconf 89' lang='lat' dir='ltr'><strong>apud</strong></span> <span class='ocrx_word' id='word_1_62' title='bbox 1283 2076 1345 2123; x_wconf 91' lang='lat' dir='ltr'><strong>me</strong></span> <span class='ocrx_word' id='word_1_63' title='bbox 1365 2047 1489 2153; x_wconf 89' lang='lat' dir='ltr'><strong>sepius</strong></span> <span class='ocrx_word' id='word_1_64' title='bbox 1510 2067 1696 2154; x_wconf 87' lang='lat' dir='ltr'><strong>pertracto</strong></span> <span class='ocrx_word' id='word_1_65' title='bbox 1718 2052 1765 2129; x_wconf 93' lang='lat' dir='ltr'><strong>de</strong></span> 
     </span>
    </p>
   </div>
   <div class='ocr_carea' id='block_1_8' title="bbox 345 2177 1766 2287">
    <p class='ocr_par' dir='ltr' id='par_1_8' title="bbox 345 2177 1766 2287">
     <span class='ocr_line' id='line_1_12' title="bbox 345 2177 1766 2287; baseline 0.002 -32"><span class='ocrx_word' id='word_1_66' title='bbox 345 2180 457 2285; x_wconf 91' lang='lat' dir='ltr'><strong>hujus</strong></span> <span class='ocrx_word' id='word_1_67' title='bbox 473 2177 545 2254; x_wconf 87' lang='lat' dir='ltr'><strong>vite</strong></span> <span class='ocrx_word' id='word_1_68' title='bbox 560 2178 758 2268; x_wconf 85' lang='lat' dir='ltr'><strong>brevitate,</strong></span> <span class='ocrx_word' id='word_1_69' title='bbox 776 2207 850 2284; x_wconf 91' lang='lat' dir='ltr'><strong>que</strong></span> <span class='ocrx_word' id='word_1_70' title='bbox 864 2178 960 2254; x_wconf 90' lang='lat' dir='ltr'><strong>sicut</strong></span> <span class='ocrx_word' id='word_1_71' title='bbox 976 2206 1089 2282; x_wconf 88' lang='lat' dir='ltr'><strong>vapor</strong></span> <span class='ocrx_word' id='word_1_72' title='bbox 1103 2177 1199 2254; x_wconf 86' lang='lat' dir='ltr'><strong>sumi</strong></span> <span class='ocrx_word' id='word_1_73' title='bbox 1213 2178 1252 2253; x_wconf 92' lang='lat' dir='ltr'><strong>in</strong></span> <span class='ocrx_word' id='word_1_74' title='bbox 1266 2195 1408 2283; x_wconf 88' lang='lat' dir='ltr'><strong>puncto</strong></span> <span class='ocrx_word' id='word_1_75' title='bbox 1427 2179 1671 2287; x_wconf 80' lang='lat' dir='ltr'><strong>dispergitur3</strong></span> <span class='ocrx_word' id='word_1_76' title='bbox 1684 2199 1766 2258; x_wconf 87' lang='lat' dir='ltr'><strong>tan-</strong></span> 
     </span>
    </p>
   </div>
   <div class='ocr_carea' id='block_1_9' title="bbox 340 2306 1769 4883">
    <p class='ocr_par' dir='ltr' id='par_1_9' title="bbox 340 2306 1769 4883">
     <span class='ocr_line' id='line_1_13' title="bbox 344 2306 1765 2417; baseline 0.004 -32"><span class='ocrx_word' id='word_1_77' title='bbox 344 2330 457 2415; x_wconf 87' lang='lat' dir='ltr'><strong>toque</strong></span> <span class='ocrx_word' id='word_1_78' title='bbox 474 2337 536 2385; x_wconf 92' lang='lat' dir='ltr'><strong>me</strong></span> <span class='ocrx_word' id='word_1_79' title='bbox 563 2307 824 2416; x_wconf 76' lang='lat' dir='ltr'><strong>obligatiorem</strong></span> <span class='ocrx_word' id='word_1_80' title='bbox 846 2308 945 2383; x_wconf 89' lang='lat' dir='ltr'><strong>curis</strong></span> <span class='ocrx_word' id='word_1_81' title='bbox 965 2306 1196 2384; x_wconf 89' lang='lat' dir='ltr'><strong>secularibus</strong></span> <span class='ocrx_word' id='word_1_82' title='bbox 1217 2307 1433 2399; x_wconf 86' lang='lat' dir='ltr'><strong>considero,</strong></span> <span class='ocrx_word' id='word_1_83' title='bbox 1456 2327 1596 2414; x_wconf 91' lang='lat' dir='ltr'><strong>quanto</strong></span> <span class='ocrx_word' id='word_1_84' title='bbox 1613 2310 1765 2417; x_wconf 86' lang='lat' dir='ltr'><strong>majoris</strong></span> 
     </span>
     <span class='ocr_line' id='line_1_14' title="bbox 345 2437 1765 2543; baseline 0 -27"><span class='ocrx_word' id='word_1_85' title='bbox 345 2440 511 2517; x_wconf 91' lang='lat' dir='ltr'><strong>culmine</strong></span> <span class='ocrx_word' id='word_1_86' title='bbox 537 2439 693 2515; x_wconf 87' lang='lat' dir='ltr'><strong>honoris</strong></span> <span class='ocrx_word' id='word_1_87' title='bbox 722 2438 944 2515; x_wconf 88' lang='lat' dir='ltr'><strong>sublimatus</strong></span> <span class='ocrx_word' id='word_1_88' title='bbox 968 2437 1193 2543; x_wconf 79' lang='lat' dir='ltr'><strong>conspicior3</strong></span> <span class='ocrx_word' id='word_1_89' title='bbox 1220 2437 1293 2514; x_wconf 93' lang='lat' dir='ltr'><strong>hoc</strong></span> <span class='ocrx_word' id='word_1_90' title='bbox 1317 2438 1554 2542; x_wconf 85' lang='lat' dir='ltr'><strong>potissimum</strong></span> <span class='ocrx_word' id='word_1_91' title='bbox 1581 2440 1765 2518; x_wconf 89' lang='lat' dir='ltr'><strong>evadendi</strong></span> 
     </span>
     <span class='ocr_line' id='line_1_15' title="bbox 345 2567 1766 2676; baseline 0.001 -31"><span class='ocrx_word' id='word_1_92' title='bbox 345 2570 545 2647; x_wconf 90' lang='lat' dir='ltr'><strong>consilium</strong></span> <span class='ocrx_word' id='word_1_93' title='bbox 577 2570 699 2676; x_wconf 83' lang='lat' dir='ltr'><strong>eligo,</strong></span> <span class='ocrx_word' id='word_1_94' title='bbox 726 2585 769 2644; x_wconf 93' lang='lat' dir='ltr'><strong>ut</strong></span> <span class='ocrx_word' id='word_1_95' title='bbox 796 2567 969 2644; x_wconf 88' lang='lat' dir='ltr'><strong>ecclesias</strong></span> <span class='ocrx_word' id='word_1_96' title='bbox 995 2585 1033 2644; x_wconf 90' lang='lat' dir='ltr'><strong>et</strong></span> <span class='ocrx_word' id='word_1_97' title='bbox 1058 2567 1139 2644; x_wconf 88' lang='lat' dir='ltr'><strong>loca</strong></span> <span class='ocrx_word' id='word_1_98' title='bbox 1165 2584 1399 2654; x_wconf 86' lang='lat' dir='ltr'><strong>sanctorum,</strong></span> <span class='ocrx_word' id='word_1_99' title='bbox 1425 2597 1498 2673; x_wconf 90' lang='lat' dir='ltr'><strong>que</strong></span> <span class='ocrx_word' id='word_1_100' title='bbox 1526 2568 1766 2647; x_wconf 87' lang='lat' dir='ltr'><strong>subditione</strong></span> 
     </span>
     <span class='ocr_line' id='line_1_16' title="bbox 344 2697 1768 2804; baseline 0.002 -29"><span class='ocrx_word' id='word_1_101' title='bbox 344 2729 427 2778; x_wconf 90' lang='lat' dir='ltr'><strong>mea</strong></span> <span class='ocrx_word' id='word_1_102' title='bbox 446 2719 552 2791; x_wconf 82' lang='lat' dir='ltr'><strong>sunt,</strong></span> <span class='ocrx_word' id='word_1_103' title='bbox 575 2699 621 2775; x_wconf 93' lang='lat' dir='ltr'><strong>ab</strong></span> <span class='ocrx_word' id='word_1_104' title='bbox 642 2699 747 2779; x_wconf 91' lang='lat' dir='ltr'><strong>omni</strong></span> <span class='ocrx_word' id='word_1_105' title='bbox 773 2698 1017 2804; x_wconf 88' lang='lat' dir='ltr'><strong>oppressione</strong></span> <span class='ocrx_word' id='word_1_106' title='bbox 1042 2714 1079 2773; x_wconf 91' lang='lat' dir='ltr'><strong>et</strong></span> <span class='ocrx_word' id='word_1_107' title='bbox 1103 2697 1241 2802; x_wconf 86' lang='lat' dir='ltr'><strong>injuria</strong></span> <span class='ocrx_word' id='word_1_108' title='bbox 1258 2726 1456 2802; x_wconf 88' lang='lat' dir='ltr'><strong>pravorum</strong></span> <span class='ocrx_word' id='word_1_109' title='bbox 1477 2699 1677 2776; x_wconf 89' lang='lat' dir='ltr'><strong>hominum</strong></span> <span class='ocrx_word' id='word_1_110' title='bbox 1700 2701 1768 2778; x_wconf 92' lang='lat' dir='ltr'><strong>de-</strong></span> 
     </span>
     <span class='ocr_line' id='line_1_17' title="bbox 344 2827 1769 2935; baseline 0.002 -30"><span class='ocrx_word' id='word_1_111' title='bbox 344 2830 515 2920; x_wconf 84' lang='lat' dir='ltr'><strong>lendam,</strong></span> <span class='ocrx_word' id='word_1_112' title='bbox 545 2848 655 2934; x_wconf 89' lang='lat' dir='ltr'><strong>atque</strong></span> <span class='ocrx_word' id='word_1_113' title='bbox 683 2829 783 2906; x_wconf 89' lang='lat' dir='ltr'><strong>hona</strong></span> <span class='ocrx_word' id='word_1_114' title='bbox 810 2856 943 2905; x_wconf 91' lang='lat' dir='ltr'><strong>corum</strong></span> <span class='ocrx_word' id='word_1_115' title='bbox 963 2828 1028 2932; x_wconf 91' lang='lat' dir='ltr'><strong>qui</strong></span> <span class='ocrx_word' id='word_1_116' title='bbox 1052 2827 1196 2902; x_wconf 89' lang='lat' dir='ltr'><strong>eisdem</strong></span> <span class='ocrx_word' id='word_1_117' title='bbox 1221 2827 1356 2903; x_wconf 89' lang='lat' dir='ltr'><strong>sanctis</strong></span> <span class='ocrx_word' id='word_1_118' title='bbox 1382 2828 1444 2903; x_wconf 90' lang='lat' dir='ltr'><strong>dic</strong></span> <span class='ocrx_word' id='word_1_119' title='bbox 1469 2844 1662 2935; x_wconf 90' lang='lat' dir='ltr'><strong>noctuque</strong></span> <span class='ocrx_word' id='word_1_120' title='bbox 1693 2859 1769 2908; x_wconf 90' lang='lat' dir='ltr'><strong>ser-</strong></span> 
     </span>
     <span class='ocr_line' id='line_1_18' title="bbox 343 2956 1767 3064; baseline 0.002 -31"><span class='ocrx_word' id='word_1_121' title='bbox 343 2960 464 3050; x_wconf 86' lang='lat' dir='ltr'><strong>viunt‚</strong></span> <span class='ocrx_word' id='word_1_122' title='bbox 485 2960 628 3064; x_wconf 83' lang='lat' dir='ltr'><strong>integra</strong></span> <span class='ocrx_word' id='word_1_123' title='bbox 655 2975 692 3033; x_wconf 82' lang='lat' dir='ltr'><strong>et</strong></span> <span class='ocrx_word' id='word_1_124' title='bbox 711 2961 838 3063; x_wconf 85' lang='lat' dir='ltr'><strong>quieta</strong></span> <span class='ocrx_word' id='word_1_125' title='bbox 857 2984 1072 3033; x_wconf 89' lang='lat' dir='ltr'><strong>conservare</strong></span> <span class='ocrx_word' id='word_1_126' title='bbox 1094 2956 1283 3046; x_wconf 90' lang='lat' dir='ltr'><strong>studeam,</strong></span> <span class='ocrx_word' id='word_1_127' title='bbox 1306 2957 1481 3062; x_wconf 84' lang='lat' dir='ltr'><strong>quatinus</strong></span> <span class='ocrx_word' id='word_1_128' title='bbox 1502 2958 1572 3062; x_wconf 90' lang='lat' dir='ltr'><strong>ipsi</strong></span> <span class='ocrx_word' id='word_1_129' title='bbox 1592 2960 1707 3035; x_wconf 88' lang='lat' dir='ltr'><strong>sancti</strong></span> <span class='ocrx_word' id='word_1_130' title='bbox 1728 2961 1767 3036; x_wconf 92' lang='lat' dir='ltr'><strong>in</strong></span> 
     </span>
     <span class='ocr_line' id='line_1_19' title="bbox 345 3086 1766 3197; baseline 0.001 -34"><span class='ocrx_word' id='word_1_131' title='bbox 345 3088 425 3163; x_wconf 92' lang='lat' dir='ltr'><strong>celo</strong></span> <span class='ocrx_word' id='word_1_132' title='bbox 450 3088 652 3197; x_wconf 83' lang='lat' dir='ltr'><strong>dignentur</strong></span> <span class='ocrx_word' id='word_1_133' title='bbox 666 3115 735 3192; x_wconf 93' lang='lat' dir='ltr'><strong>pro</strong></span> <span class='ocrx_word' id='word_1_134' title='bbox 755 3087 914 3192; x_wconf 81' lang='lat' dir='ltr'><strong>peccatis</strong></span> <span class='ocrx_word' id='word_1_135' title='bbox 935 3086 1030 3162; x_wconf 90' lang='lat' dir='ltr'><strong>meis</strong></span> <span class='ocrx_word' id='word_1_136' title='bbox 1053 3086 1308 3176; x_wconf 82' lang='lat' dir='ltr'><strong>intercedere,</strong></span> <span class='ocrx_word' id='word_1_137' title='bbox 1327 3114 1422 3191; x_wconf 92' lang='lat' dir='ltr'><strong>quos</strong></span> <span class='ocrx_word' id='word_1_138' title='bbox 1446 3087 1485 3161; x_wconf 93' lang='lat' dir='ltr'><strong>in</strong></span> <span class='ocrx_word' id='word_1_139' title='bbox 1505 3103 1604 3164; x_wconf 90' lang='lat' dir='ltr'><strong>terra</strong></span> <span class='ocrx_word' id='word_1_140' title='bbox 1622 3088 1766 3165; x_wconf 90' lang='lat' dir='ltr'><strong>decrevi</strong></span> 
     </span>
     <span class='ocr_line' id='line_1_20' title="bbox 344 3214 1765 3321; baseline 0.001 -28"><span class='ocrx_word' id='word_1_141' title='bbox 344 3217 510 3293; x_wconf 89' lang='lat' dir='ltr'><strong>fideliter</strong></span> <span class='ocrx_word' id='word_1_142' title='bbox 525 3218 722 3293; x_wconf 92' lang='lat' dir='ltr'><strong>honorare.</strong></span> <span class='ocrx_word' id='word_1_143' title='bbox 746 3216 854 3291; x_wconf 90' lang='lat' dir='ltr'><strong>Unde</strong></span> <span class='ocrx_word' id='word_1_144' title='bbox 877 3232 1010 3291; x_wconf 89' lang='lat' dir='ltr'><strong>notum</strong></span> <span class='ocrx_word' id='word_1_145' title='bbox 1025 3214 1116 3292; x_wconf 85' lang='lat' dir='ltr'><strong>satio</strong></span> <span class='ocrx_word' id='word_1_146' title='bbox 1133 3232 1209 3292; x_wconf 87' lang='lat' dir='ltr'><strong>tam</strong></span> <span class='ocrx_word' id='word_1_147' title='bbox 1225 3215 1361 3291; x_wconf 81' lang='lat' dir='ltr'><strong>futuris</strong></span> <span class='ocrx_word' id='word_1_148' title='bbox 1380 3245 1493 3321; x_wconf 89' lang='lat' dir='ltr'><strong>quam</strong></span> <span class='ocrx_word' id='word_1_149' title='bbox 1509 3218 1765 3321; x_wconf 86' lang='lat' dir='ltr'><strong>presentibus,</strong></span> 
     </span>
     <span class='ocr_line' id='line_1_21' title="bbox 344 3344 1767 3452; baseline 0.001 -29"><span class='ocrx_word' id='word_1_150' title='bbox 344 3377 423 3433; x_wconf 91' lang='lat' dir='ltr'><strong>me,</strong></span> <span class='ocrx_word' id='word_1_151' title='bbox 442 3346 731 3452; x_wconf 89' lang='lat' dir='ltr'><strong>adpetitionem</strong></span> <span class='ocrx_word' id='word_1_152' title='bbox 753 3345 952 3431; x_wconf 87' lang='lat' dir='ltr'><strong>lobannis,</strong></span> <span class='ocrx_word' id='word_1_153' title='bbox 969 3344 1113 3421; x_wconf 88' lang='lat' dir='ltr'><strong>abbatis</strong></span> <span class='ocrx_word' id='word_1_154' title='bbox 1129 3345 1244 3420; x_wconf 87' lang='lat' dir='ltr'><strong>sancti</strong></span> <span class='ocrx_word' id='word_1_155' title='bbox 1264 3345 1425 3431; x_wconf 73' lang='lat' dir='ltr'><strong>Remini,</strong></span> <span class='ocrx_word' id='word_1_156' title='bbox 1445 3375 1638 3424; x_wconf 86' lang='lat' dir='ltr'><strong>renovasse</strong></span> <span class='ocrx_word' id='word_1_157' title='bbox 1655 3365 1692 3424; x_wconf 91' lang='lat' dir='ltr'><strong>et</strong></span> <span class='ocrx_word' id='word_1_158' title='bbox 1711 3377 1767 3426; x_wconf 92' lang='lat' dir='ltr'><strong>re·</strong></span> 
     </span>
     <span class='ocr_line' id='line_1_22' title="bbox 343 3473 1766 3582; baseline 0.001 -28"><span class='ocrx_word' id='word_1_159' title='bbox 343 3477 515 3555; x_wconf 86' lang='lat' dir='ltr'><strong>novando</strong></span> <span class='ocrx_word' id='word_1_160' title='bbox 532 3477 772 3552; x_wconf 87' lang='lat' dir='ltr'><strong>confirmasse</strong></span> <span class='ocrx_word' id='word_1_161' title='bbox 788 3476 1030 3553; x_wconf 86' lang='lat' dir='ltr'><strong>donationem</strong></span> <span class='ocrx_word' id='word_1_162' title='bbox 1047 3473 1150 3550; x_wconf 91' lang='lat' dir='ltr'><strong>illius</strong></span> <span class='ocrx_word' id='word_1_163' title='bbox 1166 3475 1379 3561; x_wconf 84' lang='lat' dir='ltr'><strong>comitatus,</strong></span> <span class='ocrx_word' id='word_1_164' title='bbox 1396 3504 1510 3581; x_wconf 89' lang='lat' dir='ltr'><strong>quem</strong></span> <span class='ocrx_word' id='word_1_165' title='bbox 1527 3505 1644 3582; x_wconf 92' lang='lat' dir='ltr'><strong>nepos</strong></span> <span class='ocrx_word' id='word_1_166' title='bbox 1657 3508 1766 3558; x_wconf 91' lang='lat' dir='ltr'><strong>meus</strong></span> 
     </span>
     <span class='ocr_line' id='line_1_23' title="bbox 342 3602 1765 3695; baseline 0.001 -10"><span class='ocrx_word' id='word_1_167' title='bbox 342 3608 568 3695; x_wconf 80' lang='lat' dir='ltr'><strong>Balduinus,</strong></span> <span class='ocrx_word' id='word_1_168' title='bbox 596 3635 737 3694; x_wconf 86' lang='lat' dir='ltr'><strong>comes,</strong></span> <span class='ocrx_word' id='word_1_169' title='bbox 764 3605 921 3681; x_wconf 87' lang='lat' dir='ltr'><strong>tradidit</strong></span> <span class='ocrx_word' id='word_1_170' title='bbox 941 3607 980 3681; x_wconf 93' lang='lat' dir='ltr'><strong>in</strong></span> <span class='ocrx_word' id='word_1_171' title='bbox 1002 3604 1249 3681; x_wconf 89' lang='lat' dir='ltr'><strong>elemosinam</strong></span> <span class='ocrx_word' id='word_1_172' title='bbox 1275 3602 1386 3680; x_wconf 93' lang='lat' dir='ltr'><strong>beato</strong></span> <span class='ocrx_word' id='word_1_173' title='bbox 1405 3606 1557 3684; x_wconf 90' lang='lat' dir='ltr'><strong>Bertino</strong></span> <span class='ocrx_word' id='word_1_174' title='bbox 1578 3625 1615 3683; x_wconf 89' lang='lat' dir='ltr'><strong>et</strong></span> <span class='ocrx_word' id='word_1_175' title='bbox 1639 3608 1765 3686; x_wconf 89' lang='lat' dir='ltr'><strong>abbati</strong></span> 
     </span>
     <span class='ocr_line' id='line_1_24' title="bbox 342 3733 1768 3843; baseline 0.001 -29"><span class='ocrx_word' id='word_1_176' title='bbox 342 3738 544 3814; x_wconf 88' lang='lat' dir='ltr'><strong>Lamberto</strong></span> <span class='ocrx_word' id='word_1_177' title='bbox 567 3736 724 3843; x_wconf 90' lang='lat' dir='ltr'><strong>ejusque</strong></span> <span class='ocrx_word' id='word_1_178' title='bbox 748 3734 1044 3824; x_wconf 87' lang='lat' dir='ltr'><strong>successoribus,</strong></span> <span class='ocrx_word' id='word_1_179' title='bbox 1064 3733 1239 3810; x_wconf 88' lang='lat' dir='ltr'><strong>videlicet</strong></span> <span class='ocrx_word' id='word_1_180' title='bbox 1259 3734 1307 3809; x_wconf 90' lang='lat' dir='ltr'><strong>de</strong></span> <span class='ocrx_word' id='word_1_181' title='bbox 1333 3751 1430 3810; x_wconf 91' lang='lat' dir='ltr'><strong>terra</strong></span> <span class='ocrx_word' id='word_1_182' title='bbox 1452 3752 1489 3811; x_wconf 91' lang='lat' dir='ltr'><strong>et</strong></span> <span class='ocrx_word' id='word_1_183' title='bbox 1510 3736 1768 3817; x_wconf 80' lang='lat' dir='ltr'><strong>submananti-</strong></span> 
     </span>
     <span class='ocr_line' id='line_1_25' title="bbox 342 3863 1768 3971; baseline 0.003 -29"><span class='ocrx_word' id='word_1_184' title='bbox 342 3866 415 3944; x_wconf 90' lang='lat' dir='ltr'><strong>bus</strong></span> <span class='ocrx_word' id='word_1_185' title='bbox 432 3867 506 3944; x_wconf 90' lang='lat' dir='ltr'><strong>sive</strong></span> <span class='ocrx_word' id='word_1_186' title='bbox 525 3865 755 3971; x_wconf 86' lang='lat' dir='ltr'><strong>hospitibus,</strong></span> <span class='ocrx_word' id='word_1_187' title='bbox 773 3892 869 3970; x_wconf 91' lang='lat' dir='ltr'><strong>quos</strong></span> <span class='ocrx_word' id='word_1_188' title='bbox 888 3863 990 3940; x_wconf 90' lang='lat' dir='ltr'><strong>idem</strong></span> <span class='ocrx_word' id='word_1_189' title='bbox 1012 3880 1159 3940; x_wconf 88' lang='lat' dir='ltr'><strong>sanctus</strong></span> <span class='ocrx_word' id='word_1_190' title='bbox 1176 3864 1354 3939; x_wconf 87' lang='lat' dir='ltr'><strong>Bertinus</strong></span> <span class='ocrx_word' id='word_1_191' title='bbox 1368 3864 1483 3940; x_wconf 90' lang='lat' dir='ltr'><strong>habet</strong></span> <span class='ocrx_word' id='word_1_192' title='bbox 1502 3865 1541 3940; x_wconf 93' lang='lat' dir='ltr'><strong>in</strong></span> <span class='ocrx_word' id='word_1_193' title='bbox 1562 3866 1768 3947; x_wconf 85' lang='lat' dir='ltr'><strong>castellaria</strong></span> 
     </span>
     <span class='ocr_line' id='line_1_26' title="bbox 344 3993 1765 4103; baseline 0.001 -29"><span class='ocrx_word' id='word_1_194' title='bbox 344 3999 390 4075; x_wconf 93' lang='lat' dir='ltr'><strong>de</strong></span> <span class='ocrx_word' id='word_1_195' title='bbox 405 3996 622 4103; x_wconf 77' lang='lat' dir='ltr'><strong>Broburgh3</strong></span> <span class='ocrx_word' id='word_1_196' title='bbox 641 3996 796 4100; x_wconf 87' lang='lat' dir='ltr'><strong>insuper</strong></span> <span class='ocrx_word' id='word_1_197' title='bbox 814 3994 1025 4072; x_wconf 88' lang='lat' dir='ltr'><strong>concedens</strong></span> <span class='ocrx_word' id='word_1_198' title='bbox 1046 4011 1089 4071; x_wconf 92' lang='lat' dir='ltr'><strong>ut</strong></span> <span class='ocrx_word' id='word_1_199' title='bbox 1106 3993 1279 4099; x_wconf 91' lang='lat' dir='ltr'><strong>proprios</strong></span> <span class='ocrx_word' id='word_1_200' title='bbox 1297 3994 1466 4072; x_wconf 87' lang='lat' dir='ltr'><strong>scabinos</strong></span> <span class='ocrx_word' id='word_1_201' title='bbox 1487 3994 1601 4071; x_wconf 91' lang='lat' dir='ltr'><strong>abbas</strong></span> <span class='ocrx_word' id='word_1_202' title='bbox 1621 3996 1765 4075; x_wconf 91' lang='lat' dir='ltr'><strong>ibidem</strong></span> 
     </span>
     <span class='ocr_line' id='line_1_27' title="bbox 343 4123 1765 4233; baseline 0.001 -30"><span class='ocrx_word' id='word_1_203' title='bbox 343 4127 518 4219; x_wconf 86' lang='lat' dir='ltr'><strong>haberet,</strong></span> <span class='ocrx_word' id='word_1_204' title='bbox 546 4156 613 4231; x_wconf 91' lang='lat' dir='ltr'><strong>per</strong></span> <span class='ocrx_word' id='word_1_205' title='bbox 633 4154 729 4233; x_wconf 91' lang='lat' dir='ltr'><strong>quos</strong></span> <span class='ocrx_word' id='word_1_206' title='bbox 747 4142 825 4201; x_wconf 93' lang='lat' dir='ltr'><strong>tam</strong></span> <span class='ocrx_word' id='word_1_207' title='bbox 847 4125 894 4201; x_wconf 88' lang='lat' dir='ltr'><strong>de</strong></span> <span class='ocrx_word' id='word_1_208' title='bbox 914 4124 987 4200; x_wconf 88' lang='lat' dir='ltr'><strong>alta</strong></span> <span class='ocrx_word' id='word_1_209' title='bbox 1013 4153 1125 4231; x_wconf 91' lang='lat' dir='ltr'><strong>quam</strong></span> <span class='ocrx_word' id='word_1_210' title='bbox 1150 4123 1198 4200; x_wconf 93' lang='lat' dir='ltr'><strong>de</strong></span> <span class='ocrx_word' id='word_1_211' title='bbox 1223 4124 1354 4201; x_wconf 90' lang='lat' dir='ltr'><strong>infima</strong></span> <span class='ocrx_word' id='word_1_212' title='bbox 1376 4124 1458 4233; x_wconf 88' lang='lat' dir='ltr'><strong>loge</strong></span> <span class='ocrx_word' id='word_1_213' title='bbox 1478 4123 1596 4202; x_wconf 90' lang='lat' dir='ltr'><strong>libere</strong></span> <span class='ocrx_word' id='word_1_214' title='bbox 1624 4145 1661 4204; x_wconf 88' lang='lat' dir='ltr'><strong>et</strong></span> <span class='ocrx_word' id='word_1_215' title='bbox 1685 4129 1765 4206; x_wconf 90' lang='lat' dir='ltr'><strong>sine</strong></span> 
     </span>
     <span class='ocr_line' id='line_1_28' title="bbox 343 4254 1769 4361; baseline 0.002 -28"><span class='ocrx_word' id='word_1_216' title='bbox 343 4258 637 4335; x_wconf 88' lang='lat' dir='ltr'><strong>contradictione</strong></span> <span class='ocrx_word' id='word_1_217' title='bbox 656 4255 862 4360; x_wconf 89' lang='lat' dir='ltr'><strong>placitaret.</strong></span> <span class='ocrx_word' id='word_1_218' title='bbox 889 4254 985 4340; x_wconf 85' lang='lat' dir='ltr'><strong>Sed,</strong></span> <span class='ocrx_word' id='word_1_219' title='bbox 1014 4284 1117 4341; x_wconf 89' lang='lat' dir='ltr'><strong>cum,</strong></span> <span class='ocrx_word' id='word_1_220' title='bbox 1140 4271 1226 4361; x_wconf 91' lang='lat' dir='ltr'><strong>post</strong></span> <span class='ocrx_word' id='word_1_221' title='bbox 1241 4272 1404 4332; x_wconf 87' lang='lat' dir='ltr'><strong>mortem</strong></span> <span class='ocrx_word' id='word_1_222' title='bbox 1428 4257 1575 4361; x_wconf 90' lang='lat' dir='ltr'><strong>nepotis</strong></span> <span class='ocrx_word' id='word_1_223' title='bbox 1595 4258 1671 4333; x_wconf 88' lang='lat' dir='ltr'><strong>mei</strong></span> <span class='ocrx_word' id='word_1_224' title='bbox 1690 4259 1769 4336; x_wconf 86' lang='lat' dir='ltr'><strong>Bal·</strong></span> 
     </span>
     <span class='ocr_line' id='line_1_29' title="bbox 343 4385 1767 4491; baseline 0.004 -30"><span class='ocrx_word' id='word_1_225' title='bbox 343 4385 467 4472; x_wconf 87' lang='lat' dir='ltr'><strong>duini‚</strong></span> <span class='ocrx_word' id='word_1_226' title='bbox 489 4386 608 4463; x_wconf 84' lang='lat' dir='ltr'><strong>multa</strong></span> <span class='ocrx_word' id='word_1_227' title='bbox 622 4403 659 4461; x_wconf 89' lang='lat' dir='ltr'><strong>et</strong></span> <span class='ocrx_word' id='word_1_228' title='bbox 673 4385 784 4491; x_wconf 78' lang='lat' dir='ltr'><strong>longa</strong></span> <span class='ocrx_word' id='word_1_229' title='bbox 800 4385 990 4463; x_wconf 86' lang='lat' dir='ltr'><strong>contentio</strong></span> <span class='ocrx_word' id='word_1_230' title='bbox 1005 4386 1105 4462; x_wconf 90' lang='lat' dir='ltr'><strong>inter</strong></span> <span class='ocrx_word' id='word_1_231' title='bbox 1120 4385 1294 4462; x_wconf 89' lang='lat' dir='ltr'><strong>abbatem</strong></span> <span class='ocrx_word' id='word_1_232' title='bbox 1313 4402 1351 4462; x_wconf 91' lang='lat' dir='ltr'><strong>et</strong></span> <span class='ocrx_word' id='word_1_233' title='bbox 1368 4385 1613 4471; x_wconf 88' lang='lat' dir='ltr'><strong>Teinardum‚</strong></span> <span class='ocrx_word' id='word_1_234' title='bbox 1635 4387 1767 4465; x_wconf 86' lang='lat' dir='ltr'><strong>castel·</strong></span> 
     </span>
     <span class='ocr_line' id='line_1_30' title="bbox 343 4514 1766 4622; baseline 0.002 -30"><span class='ocrx_word' id='word_1_235' title='bbox 343 4514 491 4600; x_wconf 85' lang='lat' dir='ltr'><strong>lanum‚</strong></span> <span class='ocrx_word' id='word_1_236' title='bbox 514 4515 685 4604; x_wconf 84' lang='lat' dir='ltr'><strong>duraret,</strong></span> <span class='ocrx_word' id='word_1_237' title='bbox 712 4515 860 4593; x_wconf 86' lang='lat' dir='ltr'><strong>dicente</strong></span> <span class='ocrx_word' id='word_1_238' title='bbox 882 4516 1018 4593; x_wconf 91' lang='lat' dir='ltr'><strong>eodem</strong></span> <span class='ocrx_word' id='word_1_239' title='bbox 1040 4515 1248 4600; x_wconf 87' lang='lat' dir='ltr'><strong>Teinardo‚</strong></span> <span class='ocrx_word' id='word_1_240' title='bbox 1270 4516 1358 4622; x_wconf 92' lang='lat' dir='ltr'><strong>quia</strong></span> <span class='ocrx_word' id='word_1_241' title='bbox 1381 4515 1428 4591; x_wconf 91' lang='lat' dir='ltr'><strong>dc</strong></span> <span class='ocrx_word' id='word_1_242' title='bbox 1453 4515 1598 4620; x_wconf 89' lang='lat' dir='ltr'><strong>placitis</strong></span> <span class='ocrx_word' id='word_1_243' title='bbox 1618 4545 1693 4622; x_wconf 90' lang='lat' dir='ltr'><strong>que</strong></span> <span class='ocrx_word' id='word_1_244' title='bbox 1718 4514 1766 4595; x_wconf 88' lang='lat' dir='ltr'><strong>ad</strong></span> 
     </span>
     <span class='ocr_line' id='line_1_31' title="bbox 343 4643 1767 4749; baseline 0.001 -25"><span class='ocrx_word' id='word_1_245' title='bbox 343 4644 540 4724; x_wconf 80' lang='lat' dir='ltr'><strong>scutedum</strong></span> <span class='ocrx_word' id='word_1_246' title='bbox 560 4643 768 4748; x_wconf 88' lang='lat' dir='ltr'><strong>pertinent,</strong></span> <span class='ocrx_word' id='word_1_247' title='bbox 790 4672 867 4722; x_wconf 92' lang='lat' dir='ltr'><strong>non</strong></span> <span class='ocrx_word' id='word_1_248' title='bbox 892 4643 1030 4722; x_wconf 90' lang='lat' dir='ltr'><strong>debere</strong></span> <span class='ocrx_word' id='word_1_249' title='bbox 1049 4644 1215 4749; x_wconf 88' lang='lat' dir='ltr'><strong>placitari</strong></span> <span class='ocrx_word' id='word_1_250' title='bbox 1236 4646 1283 4720; x_wconf 89' lang='lat' dir='ltr'><strong>ad</strong></span> <span class='ocrx_word' id='word_1_251' title='bbox 1297 4645 1504 4722; x_wconf 88' lang='lat' dir='ltr'><strong>virscariam</strong></span> <span class='ocrx_word' id='word_1_252' title='bbox 1520 4644 1683 4736; x_wconf 82' lang='lat' dir='ltr'><strong>abbatis,</strong></span> <span class='ocrx_word' id='word_1_253' title='bbox 1704 4675 1767 4725; x_wconf 90' lang='lat' dir='ltr'><strong>ne·</strong></span> 
     </span>
     <span class='ocr_line' id='line_1_32' title="bbox 340 4771 1760 4883; baseline 0 -29"><span class='ocrx_word' id='word_1_254' title='bbox 340 4796 416 4883; x_wconf 83' lang='lat' dir='ltr'><strong>qu&#39;e</strong></span> <span class='ocrx_word' id='word_1_255' title='bbox 431 4802 498 4882; x_wconf 91' lang='lat' dir='ltr'><strong>per</strong></span> <span class='ocrx_word' id='word_1_256' title='bbox 514 4771 684 4849; x_wconf 84' lang='lat' dir='ltr'><strong>scabinos</strong></span> <span class='ocrx_word' id='word_1_257' title='bbox 711 4771 792 4875; x_wconf 91' lang='lat' dir='ltr'><strong>ejus</strong></span> <span class='ocrx_word' id='word_1_258' title='bbox 814 4772 903 4848; x_wconf 92' lang='lat' dir='ltr'><strong>inde</strong></span> <span class='ocrx_word' id='word_1_259' title='bbox 921 4771 1104 4879; x_wconf 80' lang='lat' dir='ltr'><strong>j-udicari3</strong></span> <span class='ocrx_word' id='word_1_260' title='bbox 1126 4773 1297 4864; x_wconf 85' lang='lat' dir='ltr'><strong>tandem,</strong></span> <span class='ocrx_word' id='word_1_261' title='bbox 1318 4790 1404 4879; x_wconf 92' lang='lat' dir='ltr'><strong>post</strong></span> <span class='ocrx_word' id='word_1_262' title='bbox 1422 4800 1549 4880; x_wconf 86' lang='lat' dir='ltr'><strong>graves</strong></span> <span class='ocrx_word' id='word_1_263' title='bbox 1570 4775 1760 4881; x_wconf 86' lang='lat' dir='ltr'><strong>querelas,</strong></span> 
     </span>
    </p>
   </div>
   <div class='ocr_carea' id='block_1_10' title="bbox 0 0 2244 5842">
    <p class='ocr_par' dir='ltr' id='par_1_10' title="bbox 0 0 2244 5842">
     <span class='ocr_line' id='line_1_33' title="bbox 0 0 2244 5842; baseline 0 0"><span class='ocrx_word' id='word_1_264' title='bbox 0 0 2244 5842; x_wconf 95' lang='lat' dir='ltr'><strong> </strong></span> 
     </span>
    </p>
   </div>
  </div>
 </body>
</html>
