4478 5842
328 495 399 564 566
674 492 1085 567 CHARTULARIUM
1112 490 1394 567 SlTHIENSE.

324 634 565 738 preponatur,
583 634 654 712 nisi
674 661 788 742 quern
808 635 953 726 iratres,
972 634 1163 711 communi
1185 661 1388 724 consensu,
1406 631 1466 710 rel
1483 633 1639 713 fratrum
1657 662 1742 741 pars

325 762 469 839 consilii
488 765 663 856 sanioris,
681 765 892 847 secundum
906 765 976 843 Dei
988 767 1165 841 timorem
1180 781 1217 840 et
1230 762 1331 841 beati
1345 763 1539 840 Benedicti
1560 763 1739 873 regulam,

325 894 556 997 providerint
582 896 813 1003 eligendum.
843 896 1091 974 Decemimus
1120 922 1209 1000 ergo
1238 911 1282 971 ut
1308 893 1407 969 nulli
1435 894 1590 971 omnino
1617 895 1742 972 homi-

325 1052 438 1113 num,
469 1044 537 1104 etc.
566 1025 713 1133 [Usque
741 1026 949 1119 adfinem,
976 1027 1084 1103 utin
1112 1024 1316 1134 privilegiis
1343 1024 1551 1101 Innocentii
1582 1053 1674 1132 pape
1705 1042 1744 1102 et

325 1154 504 1232 Celestini
531 1156 826 1262 suprascriptis]
1669 1168 1675 1176 “

381 1361 393 1389 a
408 1325 487 1431 Ego
501 1326 702 1410 Jousnsss,
721 1323 824 1401 tituli
840 1325 955 1402 sancti
975 1324 1089 1402 Marci
1106 1322 1291 1431 presbiter
1310 1323 1517 1437 cardinalis.

381 1474 488 1580 «Ego
506 1475 713 1566 Lanossns,
733 1473 917 1578 presbiter
937 1472 1135 1550 cardinalis
1152 1491 1276 1550 sancte
1294 1473 1411 1550 Marie
1430 1490 1532 1550 trans
1551 1470 1741 1565 Tiberim,

324 1603 425 1679 tituli
446 1604 591 1681 Calixti.

383 1792 395 1819 «ι
411 1755 489 1861 Ego
507 1754 750 1842 Humerum,
772 1752 874 1829 tituli
893 1752 1008 1829 sancti
1024 1751 1219 1828 Laurencii
1234 1753 1273 1828 in
1289 1753 1450 1830 Damaso
1469 1751 1653 1857 presbiter
1667 1780 1746 1828 car-

327 1882 472 1960 dinalis.

384 2032 491 2140 «Ego
525 2032 758 2117 Passennus,
794 2030 980 2137 presbiter
1008 2029 1205 2107 cardinalis
1235 2029 1336 2107 tituli
1363 2029 1515 2107 basilice
1543 2030 1746 2106 duodecim

327 2161 606 2268 Apostolorum.
804 2168 808 2175 ’

383 2312 491 2418 «Ego
509 2313 663 2397 Lucius,
685 2298 866 2390 catholice
886 2311 1040 2399 ecclesie
1060 2313 1269 2419 episcopus.
1291 2310 1448 2388 Sanctus
1465 2313 1609 2388 Petrus.
1632 2310 1746 2388 Sanc·

327 2459 388 2519 tus
406 2442 554 2519 Paulus.

391 2610 555 2687 «Datum
575 2610 741 2701 Verona,
767 2637 834 2715 per
860 2638 1015 2686 manum
1048 2607 1212 2697 Alberti,
1242 2625 1367 2687 sancte
1392 2610 1559 2685 Romane
1591 2606 1745 2684 ecclesie

325 2739 522 2845 presbiteri
547 2739 743 2817 cardinalis
764 2757 801 2817 et
827 2739 1054 2832 cancellarii,
1080 2768 1128 2818 xi.
1155 2740 1225 2818 kal.
1245 2739 1424 2848 januarii,
1450 2738 1656 2816 indictione
1677 2750 1744 2828 111⁸,

325 2870 590 2946 incarnationis
610 2870 796 2947 dominice
815 2899 914 2949 anno
933 2886 975 2950 ΜΟ
992 2882 1025 2949 c⁰
1045 2877 1229 2959 numum,
1250 2870 1489 2979 pontificatus
1509 2867 1745 2946 verodomni

324 2999 430 3075 Lucii
447 3027 541 3106 pape
559 3002 663 3076 tercii
686 3028 785 3078 anno
805 3019 952 3106 quarto.
970 3039 983 3070 s

382 3129 477 3204 Hinc
492 3129 661 3234 sequitur
672 3132 910 3209 auctorisatio
929 3131 1022 3239 legis
1037 3133 1232 3238 quondam
1244 3132 1338 3210 facte
1353 3130 1400 3208 de
1419 3127 1744 3219 ministerialibus,

325 3257 391 3363 qni
411 3259 597 3336 moderno
614 3274 785 3366 tempore
803 3259 930 3337 ballivi
951 3261 1199 3368 appellantur,
1218 3261 1340 3370 predii
1360 3278 1397 3338 et
1412 3259 1500 3337 ville
1520 3259 1635 3336 sancti
1655 3260 1747 3335 Ber-

325 3390 397 3467 tini
420 3391 468 3469 de
492 3391 765 3502 Popringhem,
787 3421 853 3497 per
878 3392 1094 3499 Philippum
1116 3392 1367 3477 Flandrarum
1392 3392 1588 3479 comitem,
1622 3388 1745 3466 [ilium

326 3522 570 3614 Theoderici,
592 3523 631 3599 in
649 3521 811 3602 Gnatina
834 3523 992 3603 humati.

1005 3799 1070 3872 Ll.

777 3982 887 4023 Tssll'l'US
909 3983 1027 4023 ulman
1049 3983 1129 4024 Tanis
1152 3981 1299 4024 HABETUR.

384 4176 396 4206 ι
411 4139 453 4214 ln
467 4139 620 4215 nomine
635 4139 753 4216 Patris
766 4153 804 4215 et
817 4138 903 4215 Filii
915 4157 953 4217 et
965 4140 1127 4247 Spiritus
1140 4139 1278 4217 Sancti.
1295 4140 1429 4218 Amen.
1443 4141 1522 4248 Ego
1533 4139 1744 4248 Philippus,

326 4268 397 4345 Dei
409 4269 537 4376 gratia,
555 4269 843 4347 Flandrensium
857 4286 895 4346 et
908 4271 1226 4349 viromandorum
1245 4300 1387 4361 comes,
1407 4289 1540 4348 notum
1559 4271 1642 4348 lieri
1660 4269 1747 4348 volo

327 4401 562 4502 presentibus
575 4419 612 4477 et
624 4402 770 4492 futuris,
783 4431 857 4495 me,
872 4403 920 4480 ad
936 4403 1163 4509 peticionem
1177 4401 1354 4491 Simonis,
1370 4401 1527 4494 abbatis,
1539 4420 1577 4479 et
1590 4400 1748 4479 fratrum

328 4529 476 4606 cenobii
497 4533 610 4607 sancti
635 4533 793 4624 Bertini,
819 4562 861 4611 ea
880 4562 955 4640 que
978 4534 1024 4611 ab
1042 4534 1205 4640 antiquis
1221 4532 1458 4637 temporibus
1476 4560 1545 4638 pro
1562 4532 1691 4638 quiete
1710 4549 1749 4609 et

329 4661 525 4738 securitate
543 4663 803 4766 prenominate
823 4664 977 4742 ecclesie
995 4680 1137 4771 patrata
1155 4680 1263 4749 sunt,
1284 4662 1351 4739 sed
1369 4679 1407 4739 et
1424 4661 1671 4753 Theoderici,
1690 4689 1750 4768 ps·

327 4792 396 4870 tris
418 4792 512 4885 mei,
526 4809 572 4872 *et
588 4792 751 4870 aliorum
768 4797 1076 4902 predecessorum
1095 4821 1268 4871 meorum
1289 4793 1494 4903 privilegiis
1511 4795 1745 4881 confirmatu,
