4478 5842
572 507 695 580 rans
722 481 967 585 secunus.
987 511 1266 583 -sunours
1293 510 1384 583 mn.
1412 513 1439 581 1.
1651 514 1717 582 in

998 759 1026 831 l.

774 945 811 985 DE
834 943 934 984 bonno
957 944 1102 984 uobatuco
1126 944 1242 983 ABBATE.

353 1125 585 1202 Tricesimus
605 1123 811 1199 secundus¹
834 1122 948 1228 hujus
972 1120 1172 1197 Sithiensis
1198 1122 1347 1198 cenobii
1374 1123 1495 1198 extitit
1518 1123 1725 1201 Rodericus
1797 1167 1875 1199 1021.

298 1257 413 1335 abbas
430 1274 468 1333 et
482 1272 616 1345 rector,
638 1254 692 1329 vir
712 1283 780 1359 per
800 1270 932 1328 cuncta
952 1251 1152 1329 laudabilis
1168 1253 1417 1359 omniumque
1433 1253 1546 1331 laude
1562 1283 1639 1332 uon
1656 1256 1726 1331 im-

298 1383 435 1463 merito
464 1383 714 1490 predicabilis.
742 1383 837 1477 Qui,
860 1400 945 1489 post
970 1411 1159 1459 excessum
1189 1384 1467 1489 predecessoris
1493 1386 1550 1461 sui
1582 1385 1726 1464 abbatis

299 1517 505 1608 Heinfridi,
524 1515 615 1591 dum
632 1513 764 1591 iratres
784 1513 857 1589 loci
875 1513 1003 1620 liujus,
1023 1529 1301 1591 antecessorum
1320 1515 1594 1593 inconsiderata
1614 1517 1727 1593 nimis

298 1648 538 1737 remissione,
565 1644 833 1722 arectitudine
856 1642 1036 1751 regularis
1063 1672 1194 1719 norme
1224 1645 1428 1735 deviantes,
1457 1647 1726 1726 tumultuando

276 1876 279 1881 Ι
298 1777 583 1868 insolescerent,
601 1805 621 1851 a
636 1774 825 1853 Balduino
843 1775 997 1865 comite,
1015 1775 1096 1879 qui,
1115 1774 1164 1852 ob
1180 1776 1483 1881 magnitudinem
1501 1777 1635 1854 virium
1652 1808 1728 1857 sua-

298 1939 400 2001 rum,
426 1912 599 2016 Magnus,
628 1906 705 1998 vel,
736 1906 784 1982 ad
805 1904 1019 1982 distantiam
1044 1921 1321 1983 antecessorum
1347 1937 1501 1984 suorum
1527 1910 1727 2014 equivoco·

298 2071 401 2130 rum,
420 2038 470 2115 ob
490 2037 754 2144 proceritatem
774 2034 889 2112 barbe
911 2034 1091 2111 Barbatus
1107 2035 1228 2111 dictus
1243 2053 1315 2126 est,
1334 2035 1379 2112 ab
1400 2036 1606 2129 Attrebato,
1624 2043 1725 2117 unde

301 2201 480 2249 monacus
505 2188 600 2263 erat,
622 2169 809 2246 adductus
830 2197 929 2245 anno
950 2167 1154 2243 millesimo
1179 2169 1359 2275 vigesimo
1386 2170 1509 2273 primo
1537 2171 1725 2265 dominice

301 2302 585 2393 incarnationis,
605 2300 731 2376 invitis
752 2317 790 2376 et
813 2298 1158 2375 contradicentibus
1177 2297 1371 2390 fratribus,
1395 2300 1589 2376 nonnullis
1609 2302 1725 2377 eciam

301 2433 583 2524 recedentibus,
610 2431 746 2508 hocin
773 2430 857 2507 loco
890 2428 1005 2504 'abbas
1028 2429 1281 2506 constituitur.
1310 2430 1492 2534 Suscepto
1519 2430 1632 2537 igitur
1656 2432 1727 2508 hoc

300 2565 417 2641 modo
439 2593 527 2640 cure
545 2561 740 2668 pastoralis
760 2561 961 2668 regimine,
988 2559 1026 2635 id
1053 2560 1100 2635 ad
1121 2559 1224 2665 quod
1245 2578 1396 2638 venerat
1423 2560 1625 2668 diligenter
1644 2591 1728 2639 exe-

301 2697 442 2803 quitur.
461 2696 554 2785 Sed,
569 2695 751 2800 quoniam
768 2692 930 2769 radicata
944 2691 1052 2797 longa
1072 2693 1360 2780 consuetudine,
1377 2693 1449 2769 acsi
1469 2694 1598 2769 innata
1613 2693 1724 2784 soret,

301 2828 438 2903 mentis
466 2825 643 2931 iniquitas
673 2825 839 2899 humana
866 2823 1087 2929 nequiverat
1113 2823 1349 2929 correptione
1373 2823 1480 2900 sacile
1507 2825 1632 2917 evelli,
1654 2826 1728 2901 fac-

301 2977 382 3034 tum
405 2974 522 3034 estut
542 2957 608 3063 qui
629 2956 669 3031 in
690 2954 953 3031 melioratione
979 2954 1097 3031 nostri
1127 2953 1322 3031 noluimus
1352 2984 1431 3033 esse
1459 2955 1727 3063 ultronei,'ce-

303 3088 405 3181 lestis
430 3086 764 3165 animadversionis
788 3084 942 3162 verbere
968 3084 1128 3191 graviter
1154 3087 1297 3177 attacti,
1327 3115 1414 3162 cum
1444 3087 1579 3194 majori
1610 3090 1726 3165 nostri

303 3219 519 3325 dispendio,
540 3217 771 3324 quandoque
792 3244 812 3291 a
831 3215 931 3292 malo
951 3243 1181 3293 cessaremus
1201 3216 1330 3291 coacti.

987 3482 1042 3553 ll.

361 3668 561 3743 Enimvero
586 3665 830 3770 iniquitatum
851 3682 1066 3742 nostrarum
1094 3665 1319 3740 enormitate
1339 3664 1517 3756 irritatus,
1544 3694 1728 3770 supernus

189 3814 197 3827 “
305 3798 444 3874 arbiter
460 3797 682 3872 exteriorem
697 3796 855 3871 domum
873 3825 994 3886 suam,
1012 3796 1097 3885 sed,
1115 3795 1222 3872 malis
1237 3795 1373 3871 nostris
1387 3796 1623 3904 urgentibus,
1646 3827 1729 3904 spe·

304 3928 456 4003 luncam
478 3926 667 4001 latronum
692 3908 880 4014 ellectam,
903 3925 958 4001 uti
984 3923 1095 4029 longe
1120 3943 1228 4002 antea
1253 3925 1431 4002 divinitus
1455 3929 1727 4005 comminatum
1763 4002 1767 4010 .

307 4059 443 4149 luerat,
466 4056 542 4163 igni
568 4054 833 4132 miserabiliter
857 4055 905 4131 ad
929 4055 1187 4130 devorandum
1209 4054 1446 4132 deliberarat.
1472 4058 1571 4135 Nulli
1601 4078 1726 4137 autem

307 4192 355 4265 sit
375 4187 532 4264 dubium
556 4203 684 4262 utrum
706 4214 792 4263 casu
807 4185 980 4277 lortuit0,
999 4213 1046 4261 an
1066 4184 1248 4292 prelibate
1274 4185 1328 4262 rei
1348 4188 1463 4294 gratia
1488 4189 1600 4295 hujus
1625 4219 1728 4268 com-

307 4319 494 4397 bustionis
511 4346 624 4423 super
642 4346 712 4396 nos
730 4318 941 4425 ingruerint
962 4317 1172 4422 dispendia3
1192 4345 1294 4408 cum,
1311 4319 1444 4423 procul
1464 4349 1484 4394 a
1499 4324 1728 4400 monasterio

349 4548 356 4578 ¹
381 4550 447 4630 leg.
470 4549 615 4608 tricesimas
639 4551 741 4610 tertias.
765 4548 819 4611 sex
842 4550 987 4632 siquidem
1044 4548 1213 4609 inscribitur
1227 4550 1257 4608 in
1276 4548 1373 4610 Gallio
1393 4550 1554 4620 christiana,
1567 4553 1618 4614 ubi
1636 4555 1728 4616 Mom-

306 4653 439 4720 obbates,
461 4652 535 4711 inter
551 4650 716 4712 Adalolsum
737 4653 909 4713 vicesimum
927 4673 987 4711 sex·
1044 4651 1173 4712 molinus
1185 4651 1291 4722 semel,
1305 4654 1396 4716 Fulco
1411 4665 1439 4716 et
1453 4654 1671 4717 Hildebrandus
1685 4658 1728 4716 bis

306 4768 370 4816 tum
389 4767 415 4817 et
438 4754 614 4815 Rodericum
632 4755 669 4815 de
687 4777 747 4838 quo
767 4756 872 4838 agitur,
891 4776 988 4815 coeno-
1045 4755 1284 4817 adnumerantur.

307 4859 390 4921 Mum
399 4871 537 4920 rexerant.
549 4858 709 4920 Puodericus
719 4859 883 4921 tricesimus
892 4870 988 4918 sertus
