4478 5842
337 478 410 548 512
685 477 1092 551 CHARTULARIUM
1124 478 1403 552 SITHIENSE.

336 617 462 706 lerlre,
489 619 681 696 ecclesiam
707 620 753 696 de
776 620 1013 728 Hitingbem,
1044 620 1237 697 ecclesiam
1259 620 1306 696 de
1329 620 1532 728 Lisimega,
1560 618 1757 697 ecclesiam

336 751 384 827 de
412 748 704 859 snelguekerke,
740 749 934 827 ecclesiam
965 749 1013 826 de
1040 750 1289 859 Erningbem,
1321 748 1515 827 ecclesiam
1543 750 1590 827 de
1613 752 1759 827 Boven-

336 881 457 957 herke.
478 882 520 958 ln
541 880 777 958 Atrebatensi
793 880 1004 985 parrochia,
1023 880 1218 956 ecclesiam
1235 880 1282 956 de
1295 880 1477 971 Vuerkin,
1500 877 1694 957 ecclesiam
1708 879 1757 955 de

336 1011 574 1100 Salomones,
602 1009 796 1087 ecclesiam
820 1013 977 1117 Hautay.
1006 1012 1048 1086 ln
1073 1011 1263 1088 territorio
1288 1010 1490 1101 Furnensi,
1519 1009 1756 1116 berquariam

336 1142 582 1250 quadraginta
597 1141 796 1232 librarum,
818 1170 932 1247 quam
949 1141 1107 1219 Carolus
1133 1141 1240 1218 dedit
1263 1170 1332 1246 pro
1357 1142 1481 1218 anima
1496 1140 1670 1218 Balduini
1694 1167 1759 1217 co·

337 1272 455 1357 mitis,
482 1289 520 1348 et
537 1289 677 1348 terram
704 1273 751 1349 de
773 1273 884 1361 Buri,
910 1303 1024 1379 quam
1049 1272 1203 1351 ecclesia
1226 1291 1346 1351 vestra
1368 1275 1408 1350 in
1431 1272 1643 1352 Belvacenai
1663 1299 1758 1378 pago

336 1403 527 1507 possidere
553 1404 801 1509 cognoscitur.
824 1404 866 1479 In
887 1404 1124 1481 Colloniensi
1148 1405 1362 1509 parrochia,
1390 1404 1585 1483 ecclesiam
1602 1403 1651 1479 de
1670 1404 1760 1478 Fre·

336 1533 446 1623 liena,
480 1535 674 1610 ecclesiam
700 1533 747 1608 de
774 1532 993 1638 Gildestorp
1018 1562 1105 1610 cum
1126 1534 1354 1638 appenditiis
1375 1563 1518 1612 earum.
1544 1536 1598 1610 Ex
1621 1531 1760 1640 quihus

336 1663 565 1768 precipimus
585 1680 629 1739 ut
650 1661 755 1738 nulla
774 1690 842 1768 per
857 1663 1051 1769 episcopos
1068 1661 1126 1739 vel
1146 1690 1280 1739 eorum
1297 1663 1491 1740 ministros
1513 1663 1655 1741 exactio
1674 1661 1760 1768 qni-

335 1791 503 1869 buslibet
515 1791 773 1869 occasionibus
789 1792 968 1898 exigatur,
985 1794 1094 1870 salvis
1109 1794 1372 1900 episcoporum
1383 1793 1520 1870 annuis·
1530 1791 1758 1870 redditibus.

336 1923 539 2025 Ecclesiam
554 1953 708 2030 quoque
724 1925 769 2000 de
784 1924 955 2010 Coelers,
976 1953 1088 2031 quam
1105 1925 1317 2012 Baldricus,
1336 1925 1586 2003 Tornacensis
1601 1921 1758 2000 ecclesie

338 2057 551 2163 episcopus,
575 2055 796 2140 lamberto,
818 2055 919 2131 bone
940 2054 1124 2131 memorie
1141 2054 1283 2142 abbati,
1306 2056 1459 2162 suisque
1480 2052 1760 2132 successoribus

338 2185 605 2276 ordinandam,
622 2215 699 2262 una
716 2214 804 2262 cum
822 2184 929 2261 altari
946 2185 994 2261 de
1006 2185 1176 2277 llusleta,
1195 2185 1299 2264 omni
1311 2186 1502 2263 exactione
1517 2184 1677 2262 liberam
1689 2181 1760 2260 tri-

336 2314 437 2407 buit,
455 2333 582 2422 preter
595 2317 728 2393 decem
741 2315 883 2391 solidos
902 2315 1157 2401 denariorum,
1173 2318 1256 2421 qui,
1276 2316 1434 2422 singulis
1448 2316 1575 2402 annis,
1597 2315 1645 2392 de
1662 2315 1758 2391 Rus-

265 2423 273 2431 *
336 2447 423 2532 leta,
437 2447 611 2553 episcopo
627 2442 903 2551 persolvuntur.
920 2433 1063 2521 Totuni
1074 2444 1185 2520 etiam
1202 2445 1284 2521 atrii
1299 2445 1461 2552 spatium
1474 2446 1581 2551 quod
1592 2445 1639 2523 ab
1651 2444 1758 2521 omui

337 2595 440 2684 parte
455 2576 607 2655 basilice
626 2592 746 2652 vestre
761 2603 882 2680 usque
899 2575 947 2650 ad
966 2574 1136 2651 medium
1154 2573 1335 2683 Agnionis
1353 2575 1457 2652 lluvii
1477 2587 1630 2652 cursum
1643 2572 1761 2651 iriter-

332 2709 447 2815 jacet,
469 2737 556 2785 cum
571 2706 737 2812 piscariis
752 2707 857 2782 Mera
871 2723 910 2782 et
923 2705 1060 2796 Grath,
1079 2706 1222 2783 Mardic
1238 2723 1276 2782 et
1293 2707 1593 2814 stranguere,et
1607 2705 1759 2812 Langha

337 2855 374 2914 et
389 2839 498 2914 terris
513 2837 787 2944 adjacentibus,
808 2837 920 2912 cultis
935 2836 994 2913 vel
1007 2836 1179 2926 incultis,
1196 2837 1292 2913 sicut
1306 2837 1514 2943 antiquitus
1527 2827 1757 2943 possedistis.

337 2968 478 3043 Iterum
494 2968 533 3041 in
547 2967 740 3072 parrochia
756 2966 1006 3056 Taruanensi‚
1024 2965 1218 3044 ecclesiam
1235 2968 1282 3043 de
1303 2966 1477 3056 Oxelara,
1500 2964 1695 3043 ecclesiam
1710 2965 1758 3042 de

336 3098 592 3188 Vuarnestim,
615 3097 808 3174 ecclesiam
826 3115 950 3174 sancte
971 3098 1105 3184 Mario,
1130 3127 1205 3204 que
1229 3099 1368 3175 dicitur
1385 3097 1576 3205 Eggalridi
1597 3095 1756 3203 capella3

337 3229 532 3307 ecclesiam
548 3230 596 3304 de
612 3228 853 3306 Haveslerke.
875 3228 1193 3339 subrogationem
1215 3231 1327 3308 etiam
1349 3229 1493 3308 abbatis
1511 3229 1553 3305 in
1567 3245 1757 3306 monaste-

278 3392 282 3401 ·
335 3362 392 3438 rio
417 3361 532 3437 sancti
552 3360 684 3439 Silvini
710 3361 812 3466 apud
835 3359 1044 3452 Alciacum,
1065 3362 1171 3468 juxta
1191 3362 1359 3468 preteriti
1383 3361 1564 3467 temporis
1588 3387 1755 3449 morem,

334 3493 373 3569 in
388 3510 507 3570 vestra
525 3521 677 3598 semper
695 3493 936 3570 concedimus
950 3493 1249 3600 dispositionem.
1270 3494 1458 3573 Stationes
1478 3520 1566 3572 vero
1588 3490 1758 3599 publicas

334 3626 572 3732 abepiscopo
589 3624 627 3699 in
648 3623 785 3701 eodem
800 3623 883 3701 fieri
899 3625 1145 3718 monasterio,
1168 3628 1424 3734 eumdemque
1447 3624 1665 3732 episcopum
1685 3621 1759 3699 ibi-

334 3757 422 3832 dem
442 3755 659 3861 frequenter
681 3756 824 3847 venire,
851 3755 923 3832 nisi
950 3756 997 3834 ab
1023 3758 1157 3835 abbate
1188 3776 1226 3835 et
1244 3757 1422 3864 fratribus
1447 3773 1598 3835 vocatus
1621 3753 1754 3842 luerit,

335 3887 490 3966 omnino
513 3886 772 3993 prohibemus.
793 3885 970 3965 Obeunte
994 3915 1082 3966 vero
1104 3906 1161 3980 te,
1188 3917 1290 3966 nunc
1314 3889 1486 3994 ejusdem
1505 3887 1580 3964 loci
1602 3884 1755 3972 abbate,

336 4019 465 4097 nullus
485 4017 538 4095 ibi
554 4017 724 4124 qualibet
736 4018 983 4123 surreptionis
998 4021 1136 4096 astucia
1150 4019 1209 4096 vel
1228 4019 1407 4143 violentia
1424 4034 1667 4124 preponatur,
1685 4015 1757 4093 nisi

338 4179 451 4256 quem
472 4149 603 4225 fratres
623 4149 818 4225 communi
841 4174 1041 4240 consensu,
1064 4149 1123 4226 vel
1138 4149 1295 4226 fratrum
1311 4176 1397 4255 pars
1416 4147 1562 4226 consilii
1583 4136 1757 4236 sanioris,

336 4282 546 4358 secundum
561 4281 631 4358 Dei
651 4280 828 4356 timorem
844 4297 882 4356 et
896 4278 996 4356 beati
1009 4282 1203 4359 benedicti
1224 4281 1410 4390 regulam,
1434 4280 1599 4389 elegerit.
1621 4278 1760 4355 Sancti·
1875 4346 1881 4357 .

336 4439 420 4486 mus
438 4412 608 4516 insuper,
629 4428 671 4487 ut
692 4412 731 4486 in
752 4408 931 4487 omnibus
949 4412 1154 4516 parrochiis
1174 4412 1305 4490 vestris
1326 4411 1458 4491 nullus
1482 4410 1678 4488 ecelesiam
1700 4407 1758 4485 vel

336 4541 623 4629 monasterium,
651 4540 732 4618 sine
759 4559 881 4619 vestro
906 4570 1075 4634 assensu,
1101 4544 1277 4620 edificare
1301 4543 1360 4620 vel
1386 4543 1602 4620 edificatum
1628 4558 1758 4618 tenere

335 4688 545 4780 presumat3
567 4669 772 4778 nullusque
792 4672 976 4777 presbiter
996 4673 1071 4750 sive
1088 4674 1264 4765 clericus,
1282 4675 1322 4750 in
1344 4674 1508 4751 ecclesiis
1526 4671 1585 4749 vel
1606 4669 1758 4777 capellis

333 4803 479 4898 vestris,
509 4801 589 4880 sine
610 4818 730 4879 vestra
750 4801 1005 4894 concessione,
1034 4802 1225 4881 licentiam
1250 4803 1387 4883 habeat
1405 4799 1671 4912 permanendi,
1696 4799 1759 4877 vel
1870 4857 1872 4863 ·
