4478 5842
313 487 383 560 108
654 482 1064 558 CHARTULARIUM
1091 481 1376 557 SITHIENSE.

308 643 381 716 tes,
400 625 447 702 ad
464 623 756 703 famosissimum
777 623 903 703 locum
922 625 1151 731 pausationis
1170 624 1310 703 Christi
1330 620 1588 700 consessorum
1606 623 1731 704 Audo-

307 759 400 836 mari
414 777 525 865 atque
540 757 684 836 Bertini
697 756 1032 864 subripiendorum
1046 773 1250 864 properant
1263 754 1436 833 aviditate
1450 754 1726 848 thesaurorum

306 890 536 996 sabbatoque
565 877 787 966 ebdomadis
805 889 1061 980 Pentecostes,
1086 890 1179 968 hora
1205 888 1386 980 secunda,
1409 905 1662 995 pervenerunt
1680 887 1729 967 ad

304 1022 432 1098 locum
440 1020 747 1127 quotendehant3
763 1021 847 1111 sed,
860 1020 1071 1127 provisione
1084 1020 1241 1097 tutantis
1251 1019 1334 1111 Dei,
1352 1018 1479 1096 nullos
1492 1047 1535 1095 ex
1548 1018 1728 1098 [ratribus

305 1153 357 1228 ibi
378 1167 637 1257 reppererunt.
658 1150 808 1229 Monitu
828 1150 931 1226 enim
951 1149 1107 1233 Domini
1119 1150 1290 1259 jubentis
1309 1149 1628 1256 obtemperantes,
1648 1177 1726 1258 quo

307 1281 412 1369 dicit,
442 1280 481 1356 Si
497 1308 555 1356 vos
574 1286 748 1384 persecuti
757 1281 901 1382 suerint
919 1286 953 1356 ia
970 1308 1072 1357 anam
1094 1283 1288 1368 civitatem,
1299 1282 1420 1385 sapite
1442 1281 1475 1357 ia
1496 1281 1618 1368 alium,
1639 1278 1728 1359 sub-

307 1411 496 1486 duxerunt
526 1436 566 1488 se
591 1410 637 1486 ad
656 1428 822 1516 tempus,
849 1427 1078 1487 reservantes
1097 1439 1137 1488 se
1164 1410 1341 1489 secundis
1372 1428 1410 1490 et
1428 1408 1651 1487 melioribus
1669 1435 1729 1487 rs·

305 1540 393 1630 bus,
416 1558 550 1646 praeter
568 1566 620 1616 1111
645 1539 747 1631 viris,
777 1539 842 1644 qui
863 1538 1094 1616 devoverunt
1114 1567 1170 1630 se,
1194 1540 1225 1616 si
1254 1541 1336 1617 Deo
1360 1540 1576 1645 placuisset,
1603 1538 1729 1646 potius

305 1672 399 1748 inibi
422 1671 518 1748 velle
540 1687 734 1778 oppetere,
756 1698 870 1776 quam
889 1667 963 1747 loci
982 1670 1040 1746 sui
1062 1667 1286 1747 desolationi
1303 1669 1548 1774 supervivere.
1569 1669 1731 1747 Nomina

306 1819 434 1881 autern
462 1800 618 1880 illorum
640 1800 719 1878 haec
743 1816 833 1877 sunt
854 1829 863 1874 ι
885 1798 1086 1878 Vuoradus
1114 1816 1152 1876 et
1174 1796 1463 1889 winetbaldus,
1494 1799 1727 1892 sacerdotes;

305 1930 528 2011 Gerwaldus
559 1948 597 2007 et
622 1928 909 2039 Regenhardus,
936 1927 1097 2005 diaconi.
1127 1928 1158 2005 E
1187 1927 1326 2033 quibus
1353 1926 1554 2006 Vuor'adus
1579 1929 1620 2004 in
1646 1929 1731 2035 ipso

306 2060 536 2140 monasterio
559 2058 787 2165 decrepitus,
812 2056 903 2136 diris
916 2056 1171 2163 ,colaphorum
1188 2055 1431 2135 tunsionibus
1449 2057 1563 2149 ictus,
1580 2057 1731 2137 nudita-

304 2210 419 2299 teque
433 2191 608 2268 triduana
621 2207 659 2266 et
672 2187 846 2296 algulerae
859 2188 936 2266 leto
946 2206 1058 2265 tenus
1065 2186 1298 2295 profligatus,
1312 2185 1443 2266 extitit.
1457 2184 1729 2266 Winetboldus

306 2340 433 2399 autem
454 2321 547 2398 acris
568 2318 788 2399 verberibus
803 2335 1024 2413 maceratus,
1041 2335 1154 2424 atque
1166 2344 1234 2424 per
1247 2345 1357 2395 nares
1373 2314 1563 2395 infusione
1588 2318 1729 2397 disten·

304 2471 384 2545 tus,
408 2452 605 2530 semivivus
620 2468 677 2529 est
688 2449 855 2527 relictus.
871 2447 1091 2528 Gerwaldus
1104 2466 1250 2542 autem,
1268 2447 1356 2526 licet
1366 2447 1521 2527 diversis
1529 2446 1728 2555 multoque

305 2581 537 2690 gravioribus
553 2597 703 2658 vexatus
722 2595 819 2658 esset
840 2576 1093 2656 ludibriorum
1115 2605 1271 2657 suorum
1291 2577 1542 2671 irrisionibus,
1559 2594 1727 2655 servante

307 2741 395 2790 eum
412 2730 540 2789 tamen
558 2711 743 2802 Domino,
764 2711 834 2787 etsi
850 2736 928 2786 non
948 2709 1093 2786 sanitati
1109 2709 1289 2815 pristinae,
1308 2708 1442 2787 saltem
1461 2736 1658 2788 concessus
1672 2727 1729 2787 est
1745 2712 1753 2719 “

307 2848 398 2919 vitae.
418 2843 585 2935 Quartus
598 2840 664 2945 qui
677 2857 713 2915 et
722 2839 864 2945 junior,
880 2839 1124 2946 Regenardus
1137 2840 1304 2932 nomine,
1315 2839 1426 2917 variis
1440 2836 1731 2917 contritionibus

307 2971 464 3059 fractus,
496 2969 570 3047 illis
601 2968 892 3046 abscedentibus
920 2986 958 3045 et
984 2997 1113 3046 secum
1148 2969 1286 3047 ducere
1316 2969 1554 3061 conantibus,
1588 2968 1729 3047 viribus

307 3100 446 3206 quibus
469 3115 630 3205 poterat,
653 3096 886 3176 reluctabat:
905 3098 1047 3207 eligens
1071 3099 1212 3205 potius,
1237 3099 1276 3176 in
1296 3098 1434 3178 Christi
1448 3099 1618 3178 nominis
1642 3126 1730 3177 con·

306 3229 484 3321 sessione,
498 3231 528 3307 si
545 3230 588 3308 id
601 3229 649 3307 ab
663 3229 1113 3337 inimicisquoquomodo
1126 3231 1339 3337 extorqueri
1352 3230 1543 3338 quivisset,
1559 3229 1726 3309 martirio

263 3407 264 3410 =
307 3360 399 3438 inibi
420 3362 584 3439 animam
606 3361 688 3439 Deo
713 3360 978 3440 commendare
986 3342 999 3453 ,⁷
1017 3379 1055 3439 et
1077 3389 1212 3469 corpus
1235 3363 1401 3468 paternis
1418 3361 1621 3470 cymiteriis
1639 3387 1729 3438 con-

306 3493 480 3585 cinerari,
505 3518 722 3598 nomenque
752 3491 924 3570 fraternis
956 3492 1103 3598 dipticis
1130 3475 1303 3584 inscribi,
1333 3520 1448 3598 quam
1474 3489 1728 3569 ludibriorum

234 3696 237 3702 .
306 3648 462 3700 suorum
479 3620 799 3699 execrabilissirnis
814 3622 1001 3727 spurcitiis
1016 3621 1149 3729 pollui.
1168 3622 1268 3700 Diris
1282 3638 1409 3699 tamen
1423 3639 1468 3699 ut
1479 3637 1559 3701 erat
1571 3620 1729 3700 nexibus

306 3752 472 3842 strictus,
493 3766 701 3858 protractus
719 3768 775 3827 est
793 3751 841 3826 ad
864 3730 1064 3828 nativitatis
1083 3779 1159 3827 suae
1180 3749 1326 3840 villam,
1350 3753 1512 3830 distante
1534 3779 1555 3829 a
1578 3778 1729 3830 monas

305 3883 402 3960 terio
413 3882 537 3959 Sithiu
554 3879 716 3958 miliario
728 3881 864 3973 tercio,
879 3881 925 3957 ad
942 3880 1194 3988 aquilonalem
1205 3882 1353 3991 plagam
1364 3882 1503 3961 dictam
1513 3883 1726 3963 Munninio.

306 4013 472 4120 Stipatus
501 4014 627 4120 itaque
654 4011 920 4104 multitudine,
948 4041 1034 4090 cum
1059 4012 1202 4119 inipso
1226 4013 1445 4120 crepusculo
1471 4041 1600 4118 seper
1622 4012 1727 4091 illam

305 4144 531 4247 pertransire
552 4142 1018 4235 animadverteret,subito
1034 4171 1073 4222 se
1089 4144 1129 4220 in
1142 4161 1281 4221 terram
1291 4144 1392 4252 jecit.
1412 4143 1585 4251 Cumque
1600 4145 1729 4223 adver·

305 4275 355 4350 sis
372 4274 459 4352 telis
479 4274 525 4350 ab
545 4274 707 4352 inimicis
730 4273 955 4353 ducentibus
980 4273 1177 4351 tondendo
1197 4291 1394 4381 cogeretur
1411 4291 1455 4351 ut
1473 4292 1661 4383 surgeret,
1689 4290 1729 4353 et

304 4401 370 4478 ille
402 4421 671 4508 protestaretur
692 4432 732 4481 se
754 4404 863 4485 nullo
885 4421 992 4512 pacto
1010 4403 1124 4495 velle,
1151 4406 1217 4484 sed
1235 4407 1353 4516 magis
1376 4404 1469 4483 inibi
1492 4434 1560 4512 pro
1577 4404 1727 4484 Christo

305 4549 500 4639 oppetere,
526 4534 665 4633 crebris
679 4534 894 4614 lancearum
913 4536 1182 4644 punctionibus
1201 4537 1409 4644 perfossus,
1430 4563 1505 4616 una
1532 4565 1620 4616 cum
1646 4563 1730 4615 san·

302 4664 426 4773 guinis
446 4663 632 4745 effusione
661 4665 823 4744 animam
847 4666 991 4761 efflans,
1014 4668 1164 4748 Christo
1183 4667 1322 4747 libavit.
