4478 5842
524 476 593 546 tut
870 470 1269 545 euuututuututt
1304 468 1585 545 sutfltssttstt.

1162 753 1294 825 xxti.

927 971 962 1008 DE
984 970 1071 1009 OBITU
1098 970 1191 1009 nottttl
1217 970 1373 1009 attuleruut
1399 969 1527 1008 strutus.

570 1161 678 1235 Anno
709 1159 833 1262 itaque
871 1155 1025 1263 virginei
1053 1172 1183 1260 partus
1218 1153 1421 1230 millesimo
1451 1155 1678 1261 octogesimo
1704 1156 1845 1259 primo,
1872 1158 1932 1233 sui

516 1305 641 1364 autem
660 1287 852 1394 regiminis
873 1313 975 1361 auno
995 1285 1158 1390 septimo
1180 1284 1345 1375 decimo,
1367 1285 1581 1362 dissinteria
1595 1284 1697 1361 idem
1713 1284 1934 1361 venerabilis

513 1435 619 1524 pater
632 1418 854 1493 lleribertus
879 1416 978 1492 lecto
1000 1414 1198 1504 decubuit3
1219 1443 1292 1520 qua
1315 1413 1533 1520 aliquandiu
1561 1413 1934 1519 laborans‚plu1ima

515 1549 694 1625 virtutum
727 1575 882 1623 suarum
917 1560 1164 1621 monumenta
1192 1544 1350 1649 posteris
1378 1544 1619 1651 relinquens,
1646 1543 1784 1649 quibus
1808 1544 1936 1621 adhue

517 1695 644 1753 nostro
660 1704 727 1752 evo
743 1675 903 1752 celebris
927 1703 1004 1750 nou
1025 1673 1215 1750 immerito
1234 1673 1406 1759 liabetur,
1432 1675 1471 1750 in
1490 1700 1583 1779 paee
1606 1673 1765 1777 quievit.
1892 1705 1895 1709 ⁸

1145 1963 1301 2038 XXIII.

572 2161 689 2268 Cujus
708 2160 762 2244 rui
780 2187 859 2244 nen
875 2159 1076 2245 immemor
1096 2158 1219 2241 adhue
1238 2158 1382 2246 rivaus,
1409 2159 1643 2264 providentie
1663 2162 1826 2266 ,sapienti
1846 2188 1936 2239 usus

517 2291 689 2380 consilio,
705 2290 971 2366 molendinum
987 2289 1034 2364 de
1047 2287 1231 2377 Huneles,
1248 2316 1317 2392 pro
1333 2288 1594 2392 redemptione
1609 2290 1735 2369 anime
1749 2318 1833 2377 sue,
1844 2318 1935 2393 pau.

514 2447 648 2525 mrum
674 2420 816 2506 utrici
846 2418 976 2504 usibtu
1009 2417 1292 2523 imperpetuum
1324 2416 1561 2506 habendum,
1587 2418 1659 2501 sub
1689 2419 1936 2503 anathematis

515 2551 841 2641 intermistione,
876 2549 1071 2656 delegavit·
1097 2548 1262 2655 Expletis
1289 2549 1403 2655 igitar
1429 2577 1516 2631 eum
1547 2549 1708 2629 maome
1735 2548 1933 2632 arantium

514 2680 685 2784 ptum,
701 2698 900 2770 attactum
914 2679 1071 2765 deeehet
1084 2697 1248 2785 patrem,
1265 2679 1408 2765 funeris
1421 2678 1602 2785 exequiis,
1620 2679 1659 2757 in
1675 2680 1803 2765 medio
1816 2679 1935 2784 majo-

516 2810 568 2896 ris
583 2810 759 2898 basilice.
780 2840 895 2917 quam
915 2810 995 2913 ipse
1017 2814 1358 2899 cousummareret.
1384 2837 1522 2913 eorpus
1536 2826 1635 2889 tane
1651 2810 1862 2900 mandatur,
1883 2808 1936 2889 at-

515 2954 595 3024 tert
609 2939 845 3024 exaltat-iouis
866 2957 992 3022 cauete
1014 2940 1150 3029 erueu,
1166 2940 1306 3024 utensis
1325 2939 1529 3043 septembri
1549 2940 1611 3023 die
1626 2940 1759 3044 quinta
1774 2939 1933 3025 decima,

515 3068 622 3172 eujus
636 3067 807 3152 omnus
824 3068 1052 3154 dedomata
1070 3095 1163 3152 eum
1177 3085 1428 3175 argentoque,
1445 3068 1563 3173 ipsius
1577 3069 1692 3172 patris
1706 3067 1933 3172 sumptibus.

515 3193 734 3289 fabrefacto,
751 3193 958 3287 honorilice
979 3213 1178 3283 coronatus
1187 3196 1273 3280 firit.
1552 3197 1554 3201 ’

1146 3488 1306 3564 XXIV.

926 3690 961 3728 nr
983 3689 1083 3730 rouro
1104 3689 1253 3734 toauuuu,
1278 3687 1388 3728 ussum
1410 3687 1527 3729 cosmo.
1573 3664 1586 3688 ⁹

575 3867 771 3944 Destiortis
795 3863 908 3969 igitur
930 3881 1010 3939 tam
1034 3862 1208 3943 hretuoso
1234 3861 1342 3939 obitu
1365 3863 1459 3939 auti
1479 3862 1595 3966 patris
1618 3861 1823 3944 dttlcedins
1844 3865 1936 3946 titiis

517 3994 710 4082 muium,
739 3992 828 4099 quia
858 3993 955 4070 ovile
987 3991 1223 4073 dominicum
1255 3993 1392 4070 ducatu
1419 3990 1673 4099 pistoriadiu
1703 4022 1828 4074 carcre
1858 4023 1934 4075 nun

518 4123 720 4215 debuerat,
739 4122 832 4200 lacta
847 4121 1050 4212 electione,
1074 4123 1115 4199 iu
1133 4123 1275 4201 domuc
1289 4123 1463 4206 Johaane
1488 4122 1536 4200 de
1554 4123 1654 4228 ipra,
1676 4122 1801 4229 priore
1818 4124 1936 4231 htijus

518 4251 610 4342 loci,
630 4251 783 4328 Domini
805 4253 939 4356 gratia,
962 4280 1094 4330 omnes
1114 4253 1194 4358 pari
1218 4253 1490 4329 concordavere
1510 4252 1705 4328 sententia.
1728 4253 1935 4358 Qui,pene

519 4381 732 4493 apueritia‚
753 4380 850 4455 intra
871 4380 1136 4460 ecclesiasticos
1156 4381 1316 4497 parietes
1340 4380 1573 4467 collaetatus,
1592 4382 1641 4457 ad
1657 4398 1797 4459 tantam
1819 4383 1934 4459 animi

418 4531 421 4535 ’
519 4509 745 4617 probitatem
774 4508 956 4613 paulatim
979 4511 1181 4588 crescendo
1210 4509 1497 4597 conscenderat,
1520 4525 1563 4585 ut
1590 4509 1644 4584 illi
1676 4512 1754 4617 jam
1787 4509 1933 4598 adulto,

520 4641 679 4718 maxima
699 4656 882 4745 exparte,
903 4640 1138 4746 publicarum
1159 4668 1286 4717 rerum
1307 4639 1566 4746 injungeretur
1582 4640 1789 4745 dispositio.
1806 4640 1854 4716 At
1869 4641 1934 4717 ubi

520 4771 727 4880 provexiori
743 4797 810 4847 evo
824 4770 1017 4879 animique
1027 4773 1219 4878 sagacitate
1232 4769 1335 4874 eapit'
1341 4786 1606 4861 maturescere,
1620 4771 1828 4875 prioratum
1840 4770 1932 4857 loci,
