4478 5842
525 459 592 534 lli
860 464 1275 540 CHARTULARIUM
1310 469 1598 546 Sl'l'HIENSE.

519 606 637 711 Hujus
664 605 777 712 igitur
798 608 852 682 rei
876 637 1002 699 caiisa,
1027 610 1214 686 advocatis
1238 611 1516 691 venerabilibus
1538 611 1939 719 episcopisWiclrido,

518 738 796 815 Tarucnnensis
812 738 974 815 ecclesiae
987 740 1182 847 episcopo,
1199 757 1237 817 et
1249 741 1445 831 Folbert0,
1464 743 1761 837 Cameracensis,
1778 744 1941 823 denuda·

516 868 569 944 vit
588 868 641 945 eis
666 869 897 953 desiderium
921 898 1043 947 suum.
1069 871 1228 976 Accepta
1253 871 1366 971 etiam
1389 902 1410 947 a
1430 873 1626 951 monachis
1647 873 1813 966 licentia,
1839 900 1937 952 anno

517 999 714 1076 nativitatis
733 1000 886 1076 Domini
908 1024 1185 1092 nccccxxxvur,
1212 1029 1388 1106 annoque
1410 1006 1458 1078 v.¹
1477 1001 1675 1081 Hludovici
1705 1005 1822 1113 regis,
1845 1003 1937 1081 seria

516 1131 679 1207 secunda
693 1131 860 1219 Paschae,
886 1131 1178 1208 introduxerunt
1193 1160 1274 1208 eam
1291 1131 1430 1238 praelati
1453 1134 1617 1240 episcopi
1635 1136 1676 1211 in
1696 1135 1830 1214 eodem
1855 1164 1937 1213 mo-

469 1311 471 1315 <
516 1261 697 1350 nasterio,
721 1290 797 1337 non
818 1261 897 1336 sinc
916 1279 1081 1337 tremore
1104 1264 1282 1353 maximo,
1302 1265 1480 1368 quoniam
1500 1266 1572 1342 hoc
1591 1264 1656 1341 illa
1677 1267 1798 1370 prima
1817 1266 1937 1343 facere

514 1410 813 1498 praesumpserat,
827 1395 931 1498 quod
946 1409 1053 1468 antea
1066 1395 1282 1499 reginarum
1295 1394 1398 1469 nulla
1412 1398 1676 1500 concupiscere
1690 1397 1749 1474 vel
1762 1396 1936 1473 audebat.

513 1511 692 1599 latrando
710 1539 853 1608 autem,
874 1522 1037 1625 plurima
1053 1523 1141 1597 huic
1168 1523 1251 1598 loco
1272 1541 1492 1600 ornamenta
1515 1526 1690 1616 contulit,
1710 1541 1749 1603 et
1768 1528 1937 1634 quandiu

514 1653 618 1740 vixit,
639 1680 831 1758 nunquam
856 1653 996 1743 donare
1013 1652 1173 1727 cessavit.

569 1784 611 1857 ln
626 1784 636 1857 i
641 1811 707 1888 pso
720 1811 872 1888 quoque
885 1783 965 1888 ejus
977 1765 1161 1890 ingressu,
1174 1783 1327 1859 inclitus
1343 1783 1521 1859 niarlrisus
1537 1783 1732 1876 Arnullus,
1747 1815 1815 1891 per
1827 1816 1935 1893 roga-

511 1929 594 1990 tum
609 1908 780 2021 ejusdem
795 1940 870 1988 suae
884 1912 1144 1988 amantissima
1156 1904 1340 2020 conjugis,
1353 1910 1510 1990 tradidit
1526 1914 1650 1989 eidem
1663 1913 1764 2005 loco,
1780 1915 1825 1992 ad
1845 1945 1935 1993 usus

511 2042 684 2134 fratrum,
706 2042 839 2119 fiscum
856 2040 973 2118 Merki
990 2071 1074 2118 cum
1092 2039 1269 2117 omnibus
1282 2041 1514 2149 adjacentiis,
1530 2042 1703 2134 ecclesia,
1721 2044 1932 2150 mancipiis,
1990 2020 1993 2025 ‚

512 2174 689 2264 edificiis,
713 2174 822 2249 terris
841 2170 950 2249 cultis
971 2188 1008 2249 et
1029 2171 1195 2263 incultis,
1217 2173 1349 2278 pratis,
1370 2173 1532 2280 pascuis,
1550 2172 1835 2279 piscationibus,
1856 2175 1935 2250 ani-

512 2298 692 2396 malibus,
706 2304 861 2411 quesitis
875 2320 912 2380 et
932 2301 1186 2410 inquirendis3
1204 2331 1247 2380 ea
1257 2303 1419 2395 ratione,
1434 2321 1491 2394 ut,
1506 2303 1688 2409 quamdiu
1704 2303 1932 2397 adviverent,

511 2428 590 2541 ipse
614 2432 788 2512 videlicet
814 2451 852 2511 et
873 2463 966 2511 uxor
988 2460 1055 2512 sua
1081 2458 1192 2539 supra
1210 2450 1417 2511 memorata
1437 2433 1572 2526 Adala,
1595 2432 1772 2540 filiusque
1800 2461 1934 2511 eorum

511 2560 733 2657 balduinus,
756 2565 795 2641 in
808 2565 973 2671 suijuris
987 2564 1156 2643 dominio
1168 2564 1420 2671 possiderent,
1436 2581 1473 2641 et
1489 2564 1644 2672 singulis
1661 2565 1767 2642 annis
1782 2581 1932 2641 centum

510 2696 651 2774 solidos
671 2688 848 2772 iratribus
869 2725 937 2802 pro
955 2694 1090 2773 eodem
1116 2696 1206 2772 fisco
1224 2694 1494 2802 persolvereut3
1515 2711 1600 2801 post
1621 2718 1754 2772 eorum
1775 2720 1863 2770 vero
1884 2695 1932 2773 de

510 2826 579 2904 hac
595 2822 678 2905 lucc
701 2824 923 2917 discessum,
945 2844 1023 2905 tota
1043 2828 1228 2935 possessio
1245 2827 1414 2933 ejusdem
1432 2827 1648 2904 monasterii
1670 2825 1858 2935 subjaceat
1878 2808 1934 2904 di-

508 2956 617 3034 tioni.
641 2959 766 3051 Quam
790 2956 1034 3036 traditionem
1055 2985 1140 3034 cum
1168 2954 1348 3064 prestaria
1378 2958 1590 3035 describere
1611 2956 1770 3067 rogavit,
1795 2955 1932 3065 etipse

510 3087 659 3195 propria
680 3117 797 3165 manu
816 3090 992 3182 firmavit,
1019 3106 1056 3167 et
1076 3089 1246 3197 reliquos
1266 3088 1392 3195 palatii
1413 3089 1468 3165 sui
1490 3110 1664 3194 proceres
1682 3102 1726 3164 ut
1745 3087 1933 3166 describe-

509 3230 595 3295 rent
606 3219 784 3326 precepit.
797 3220 844 3295 Hi
855 3235 944 3296 sunt
960 3237 1086 3298 autem
1096 3235 1211 3296 testes
1221 3248 1229 3294 :
1239 3214 1471 3307 Vuiclridus,
1487 3216 1703 3323 episcopus,
1718 3215 1930 3307 Folberus

509 3348 726 3457 episcopus,
746 3348 945 3439 Damasus,
968 3350 1181 3456 episcopus3
1199 3346 1435 3437 Hemlridus,
1454 3347 1656 3453 presbiter3
1673 3346 1928 3454 Engelandus,

508 3480 731 3576 monachum
744 3480 1026 3572 vuinetmarus,
1041 3482 1222 3568 decanus3
1234 3476 1497 3570 Grimbaldus3
1512 3477 1686 3569 Odarius,
1706 3478 1929 3568 monachum

507 3609 732 3704 Everardus,
746 3591 961 3701 advocatus
973 3607 1240 3701 Vuincmarus,
1254 3608 1387 3698 laicus3
1403 3606 1604 3701 flodulfum
1618 3608 1785 3699 Hericus,
1797 3608 1929 3697 laicus;

506 3745 786 3831 Vuinetmarus,
817 3742 995 3817 diaconus
1020 3757 1058 3816 et
1080 3741 1303 3830 monachus,
1329 3736 1557 3846 subscripsit.
1584 3739 1679 3817 Ante
1704 3738 1778 3815 hoc
1802 3754 1928 3816 autem

507 3891 671 3981 ternpus,
687 3871 936 3977 Adalolphus,
957 3870 1215 3979 tuncquidem
1229 3871 1431 3976 puerulus,
1459 3900 1562 3948 nuuc
1582 3887 1708 3947 autem
1727 3886 1832 3945 aetate
1851 3897 1928 3946 me·

508 4005 641 4093 diocri,
655 4006 735 4108 ipso
749 4003 859 4079 etiarn
872 4000 1080 4079 sacerdotio
1097 4001 1358 4092 honorandus,
1374 4030 1395 4078 a
1408 4018 1512 4107 patre
1524 3998 1759 4089 Everhardo,
1775 4027 1929 4074 summae

507 4134 713 4214 nobilitatis
735 4133 830 4223 vira,
853 4149 890 4208 et
915 4147 1034 4208 matre
1056 4131 1245 4223 Ricsinda,
1267 4131 1307 4207 in
1324 4131 1403 4208 'hoc
1422 4130 1650 4209 monasterio
1670 4144 1798 4205 sancto
1819 4129 1931 4217 Petro,

506 4283 709 4370 sanctoque
723 4264 876 4341 Bertino
895 4281 950 4339 est
970 4262 1130 4339 oblatus.
1148 4261 1334 4339 Rodullus
1355 4262 1486 4352 etiarn,
1504 4261 1620 4366 ipsius
1639 4259 1782 4337 castelli
1802 4272 1931 4364 pretor

505 4387 686 4485 urbanus,
701 4390 824 4470 lilium
835 4421 964 4483 suum,
975 4393 1132 4471 nomine
1145 4391 1384 4482 Vueltarum,
1398 4420 1485 4469 cum
1497 4389 1644 4480 morbo,
1662 4388 1800 4467 medici
1813 4414 1928 4495 quem

504 4524 682 4602 variolam
698 4540 847 4615 tacent,
868 4523 980 4600 morti
1002 4524 1194 4600 videretur
1216 4548 1295 4600 csse
1318 4522 1527 4627 proximus,
1547 4520 1648 4599 ulnis
1666 4519 1828 4626 propriis
1846 4546 1929 4597 sus·

504 4655 660 4748 tollens,
681 4680 807 4735 coram
821 4653 937 4730 sancti
955 4654 1098 4761 Bertini
1119 4653 1234 4730 altare
1251 4652 1475 4757 deportavit,
1492 4651 1796 4758 monachumque
1817 4648 1924 4731 elles·

548 4820 555 4854 ¹
577 4818 645 4905 Lag.
659 4819 786 4888 maida,
802 4836 871 4880 cum
884 4814 994 4880 Mabttt.
1015 4816 1085 4879 dnn.
1100 4830 1168 4879 tom.
1185 4816 1239 4885 lll,
1255 4838 1283 4900 p.
1301 4816 1371 4883 atr.
