4478 5842
569 473 698 545 PARS
728 473 977 546 SECUNDA.
996 516 1043 528 -
1062 473 1278 546 SIMONIS
1305 476 1396 547 LIB.
1424 479 1451 547 1.
1645 481 1714 554 itt

306 615 429 689 anime
450 640 551 701 mee,
573 631 617 689 et
626 615 727 720 juste
746 615 919 720 petitioni
939 629 1053 720 atque
1074 615 1227 690 utilitati
1251 616 1526 694 carissimorum
1547 619 1715 696 filiorum

307 772 497 834 meorum,
520 760 575 834 et,
589 761 676 848 post
688 772 773 831 eos,
798 743 1015 821 futurorum
1033 745 1093 848 pia
1110 745 1235 820 favens
1247 746 1567 837 consideratione,
1585 749 1720 824 confin-

305 875 488 952 mationes
500 874 698 979 quasdam,
716 902 788 979 que
804 875 959 978 quidem
973 874 1211 978 temporibus
1224 876 1530 978 predecessorum
1546 905 1718 955 meorum

305 1003 481 1081 abbatum
498 1005 701 1080 constitute
711 1003 885 1093 bierunt,
899 1004 978 1107 ipse
991 1004 1151 1079 firmiori
1165 1002 1366 1080 stabilitate
1381 1006 1509 1082 studui
1524 1035 1719 1094 renovaret

246 1201 248 1204 ,
305 1134 484 1238 quasdam
498 1161 598 1220 vero,
616 1160 706 1208 seno
721 1132 858 1206 mentis
873 1131 1029 1208 consilio
1045 1149 1083 1207 et
1094 1133 1289 1207 communi
1303 1131 1424 1208 lavore
1441 1132 1614 1221 fratrum,
1627 1163 1721 1210 oon*

305 1264 455 1339 sumere
482 1288 569 1336 meo
591 1261 736 1336 decrevi
759 1261 1009 1365 intempore,
1031 1261 1201 1337 adhibita
1221 1262 1267 1336 ad
1286 1262 1463 1338 noticiam
1484 1279 1720 1367 posterorum

306 1391 457 1469 litterali
471 1391 750 1468 testificatione.
764 1392 903 1467 Notum
919 1390 967 1467 sit
982 1389 1095 1497 igitur
1105 1408 1181 1465 tam
1197 1391 1331 1466 futuris
1342 1420 1456 1497 quam
1466 1391 1719 1496 presentibus,

307 1522 411 1601 villas
437 1523 629 1614 Eleinum,
652 1520 782 1612 Coilra,
808 1518 1002 1608 Calmunt,
1027 1538 1065 1596 et
1085 1521 1231 1596 bouum
1255 1522 1304 1597 de
1322 1520 1498 1610 Colonia,
1525 1527 1572 1600 ad
1590 1526 1720 1601 vinum

306 1655 481 1741 bannim
502 1682 564 1728 me
582 1669 764 1758 perpetuo
780 1651 866 1757 jure
881 1678 928 1726 ex
947 1652 1094 1757 integro
1111 1650 1322 1758 delegasse3
1349 1679 1391 1727 ea
1405 1652 1548 1729 scilicet
1567 1654 1720 1730 inmola-

306 1783 373 1860 bili
399 1782 618 1887 interposita
646 1782 806 1872 ratione,
836 1798 880 1856 ut
905 1809 1027 1886 neque
1050 1805 1122 1887 ego
1153 1781 1192 1855 in
1219 1781 1292 1856 vita
1312 1809 1419 1868 mea,
1443 1810 1568 1887 neque
1589 1783 1723 1888 aliquis

307 1929 391 2018 post
408 1940 471 1988 me
490 1912 640 1987 bitume
654 1910 786 2001 abbas,
806 1939 930 2015 neque
951 1910 1076 2015 aliqua
1089 1909 1268 2014 quelibet
1287 1938 1463 2014 persona,
1483 1912 1572 1988 inde
1586 1912 1724 1988 audeat

307 2041 450 2148 aliquid
472 2069 667 2144 usurpare,
690 2043 840 2146 eicepta
859 2040 1156 2116 ministeriorum
1180 2056 1217 2117 et
1234 2040 1557 2117 mollendinomm
1577 2069 1653 2147 que
1676 2042 1723 2118 ad

308 2170 481 2248 abbatem
508 2188 648 2275 spectat
665 2171 948 2275 redemptione3
967 2188 1007 2247 et
1025 2170 1196 2277 ydoneus
1217 2169 1268 2244 ad
1286 2171 1361 2246 boc
1373 2170 1585 2274 prepositus
1608 2171 1726 2275 elige»

307 2319 381 2389 tur,
412 2301 671 2393 constituatur,
696 2301 946 2378 concordante
968 2299 1115 2376 abbatis
1140 2300 1331 2375 voluntate
1355 2317 1394 2374 et
1417 2318 1612 2405 precepto,
1637 2326 1724 2376 cnm

309 2431 501 2508 communi
523 2429 678 2508 fratrum
700 2430 934 2534 prorismnm
956 2447 995 2505 et
1014 2431 1061 2505 sit
1076 2428 1129 2504 fas
1149 2429 1313 2504 eundem
1333 2429 1567 2534 prepositum
1587 2429 1725 2505 substi—

312 2563 459 2639 tutione
483 2561 637 2638 alterius
665 2561 877 2664 deponere,
899 2560 999 2666 justa
1025 2576 1153 2634 tamen
1182 2560 1254 2634 boc
1286 2560 1454 2665 exigente
1482 2558 1625 2634 ratione
1656 2587 1723 2636 sue

310 2690 538 2797 negligentis
552 2707 616 2766 aut
630 2690 788 2780 offense,
806 2707 845 2764 et
858 2689 1067 2778 communi,
1082 2706 1125 2764 ut
1139 2687 1282 2764 dictum
1297 2705 1368 2779 est,
1381 2689 1502 2764 tocius
1521 2704 1726 2766 conventus

313 2819 498 2894 sententia
527 2819 716 2895 sanissima
740 2819 781 2893 in
806 2821 878 2896 hoc
901 2815 1162 2894 concordante.
1197 2817 1380 2894 Karitates
1414 2817 1526 2893 etiam
1552 2845 1627 2922 que
1656 2845 1725 2922 pro

311 2948 398 3024 vivis
427 2975 496 3024 seu
515 2975 585 3054 pro
611 2949 771 3025 mortuis
789 2947 1037 3025 conferuntur
1058 2944 1291 3039 afidelihns,
1318 2972 1478 3052 quarum
1503 2947 1726 3024 medietates

257 3060 263 3072 ’
310 3078 495 3156 cedebant
507 3079 814 3184 predecessorum
831 3104 1003 3156 meorum
1021 3077 1199 3153 abbatum
1218 3079 1260 3152 in
1274 3102 1383 3167 usus,
1405 3105 1450 3154 ex
1464 3077 1610 3185 integro
1630 3101 1728 3155 sem-

311 3234 378 3313 per
396 3209 588 3285 habendas
610 3206 699 3314 ipsis
718 3208 897 3317 assignavi
921 3207 1099 3284 fratribus
1122 3208 1356 3312 recipiendas
1376 3225 1416 3284 et
1446 3208 1725 3312 expendendas,

309 3336 377 3412 ubi
391 3336 522 3414 fratres
537 3336 774 3442 potissimum
793 3336 977 3445 elegerint
995 3337 1154 3441 apriore
1170 3337 1236 3442 qui
1253 3336 1388 3412 adhoc
1407 3336 1530 3412 fidelis
1544 3335 1727 3413 fueritin·

310 3486 452 3545 ventus.
465 3467 696 3545 beneficium
707 3467 1063 3574 quoquecujusdam
1074 3465 1328 3552 Winnemari,
1343 3466 1448 3570 quod
1460 3465 1563 3540 idem
1574 3465 1728 3542 Winne

310 3623 455 3686 marus,
467 3596 512 3674 in
526 3599 715 3703 presentia
731 3625 814 3674 mea
834 3615 873 3683 et
887 3622 1060 3673 meorum
1074 3595 1259 3683 militum,
1272 3594 1389 3670 micbi
1405 3594 1587 3682 reddidit,
1602 3590 1727 3670 adbuc

311 3727 450 3811 vivens,
473 3728 701 3832 assignatum
726 3726 920 3830 quoddam
946 3743 1099 3830 paterne
1123 3724 1336 3801 dilectionis
1360 3724 1512 3830 pignus,
1538 3721 1729 3799 dileetissi-

312 3855 384 3930 mis
402 3853 491 3929 filiis
511 3854 605 3930 meis
625 3880 835 3958 eorumque
857 3851 1040 3957 dereliqui
1056 3852 1347 3943 successoribus,
1362 3871 1420 3944 ut,
1438 3880 1525 3928 cum
1541 3852 1727 3960 ingressus

311 3981 419 4059 suero
431 3984 528 4058 viam
539 3983 711 4059 universe
724 3983 856 4070 carnis,
870 4006 1019 4086 semper
1029 3981 1068 4056 in
1078 3983 1328 4058 anniversario
1344 3981 1470 4058 obitus
1484 3982 1559 4057 mei
1573 3997 1612 4058 et
1623 3995 1728 4057 ante—

313 4138 504 4189 cessorum
522 4137 697 4190 meorum
720 4107 864 4188 abbatis
887 4110 1060 4187 Roderici
1087 4127 1125 4186 et
1146 4111 1290 4187 abbatis
1313 4112 1489 4198 Batonis,
1512 4111 1728 4216 plenissima

313 4241 441 4318 carius
454 4241 528 4317 vini
544 4258 656 4347 atque
672 4241 785 4317 unius
799 4239 1085 4318 ministrationis
1098 4240 1258 4347 piscium
1274 4242 1385 4317 detur
1399 4269 1419 4316 a
1435 4240 1625 4346 preposito
1640 4238 1726 4316 ville

313 4370 472 4459 Kelmis,
486 4370 583 4447 nibil
599 4371 765 4448 detracto
779 4399 823 4446 ex
839 4370 1066 4447 rectitudine
1077 4370 1264 4447 cotidiene
1278 4369 1573 4446 ministrationis.
1588 4367 1730 4446 Molen-

315 4500 448 4576 dinum
467 4500 737 4578 nichilominus
758 4500 805 4576 de
821 4499 1005 4588 Huneles,
1021 4499 1068 4575 ad
1089 4499 1332 4576 elemosinam
1346 4528 1366 4575 a
1385 4528 1447 4575 me
1463 4498 1726 4585 constitutum,

315 4631 446 4735 majori
464 4630 673 4737 frequentia
686 4657 890 4735 pauperum
907 4629 1058 4735 majoris
1066 4656 1153 4705 cure
1170 4644 1208 4704 et
1220 4628 1464 4705 humanitatis
1481 4627 1636 4734 prebeat
1647 4653 1729 4702 sus·

310 4776 601 4849 tentamentum,
622 4777 680 4848 ut,
703 4775 877 4865 suscepto
896 4759 1022 4865 sepius
1041 4758 1191 4837 Christo
1206 4759 1246 4834 in
1266 4758 1448 4837 membris
1464 4759 1558 4845 suis,
1584 4757 1614 4833 si
1633 4753 1729 4860 quid

1142 4912 1144 4915 ·
1510 4885 1559 4944 ab.
