4478 5842
555 455 627 529 [152
652 536 653 540 Ἴ
1057 457 1463 530 CHARTULARIUM
1504 496 1508 501 ·

553 596 654 673 mine
679 593 838 684 Helena,
862 597 1090 677 hereditario
1107 597 1214 703 jure,
1243 596 1338 674 datis
1364 625 1496 702 proea
1514 596 1644 704 viginti
1665 625 1726 675 sex
1754 597 1892 676 solidis
1907 600 1972 677 de-

553 724 755 803 uariorum.

719 852 844 934 Signum
862 854 955 934 ipsius
976 852 1110 913 Hnnnuts.
1131 853 1256 935 Signum
1271 853 1429 922 Goznmus,
1453 855 1598 936 prepositi.
1617 853 1741 936 Signum
1761 856 1968 918 Wsnnuonuu.

712 969 714 975 ’
761 955 885 1037 Signum
896 953 1063 1024 Hennensi,
1075 956 1199 1040 majoris.
1211 955 1336 1038 Signum
1348 957 1496 1033 Auserem
1513 956 1649 1018 Funuuu.
1663 957 1788 1039 Signum
1800 957 1968 1025 Banasam,

762 1058 911 1118 forestarii.
926 1057 1052 1140 Signum
1067 1061 1217 1128 Rouunrr,
1230 1052 1328 1120 iratris
1343 1062 1416 1143 ejus.
1432 1058 1556 1141 Signum
1575 1060 1719 1128 ilicium,
1732 1061 1889 1123 senescalli.

1216 1346 1307 1419 XX.

615 1517 672 1594 Ab
697 1517 910 1608 Osmundo‚
936 1518 1015 1595 filio
1042 1517 1158 1606 Gam,
1190 1493 1282 1594 emit
1316 1519 1430 1596 abbas
1457 1521 1651 1596 Rainerius
1680 1539 1824 1626 partem
1856 1522 1969 1598 vineae

551 1677 632 1753 quae
652 1651 692 1722 in
713 1665 842 1723 monte
869 1665 940 1739 est,
969 1646 1063 1724 datis
1089 1647 1122 1723 ei
1145 1646 1274 1753 viginti
1297 1646 1439 1723 solidis.
1463 1649 1564 1723 Emit
1592 1649 1705 1725 etiam
1730 1650 1776 1724 ab
1799 1650 1881 1755 ipso
1901 1651 1970 1728 Os-

551 1776 695 1853 mundo
719 1795 949 1854 memoratus
969 1776 1082 1854 abbas
1102 1806 1223 1854 unum
1246 1806 1455 1882 arpennum
1476 1779 1590 1855 vineae
1617 1779 1656 1853 in
1681 1778 1826 1868 alodio,
1853 1808 1968 1885 quem

553 1904 616 1983 ille
633 1907 866 1999 Osmundus‚
884 1937 970 1984 cum
991 1908 1068 1985 suis
1083 1907 1274 1996 iratribus,
1298 1909 1418 1984 sorori
1434 1937 1508 1984 suae
1525 1909 1695 1999 dederat,
1718 1911 1871 2014 quaudo
1892 1938 1970 1986 ma-

551 2036 666 2112 ritum
682 2037 834 2142 accepit.
857 2039 972 2115 Dedit
991 2065 1080 2146 ergo
1099 2039 1132 2114 ei
1152 2037 1293 2114 scilicet
1310 2038 1508 2117 Osmundo
1525 2039 1717 2143 predictus
1736 2037 1850 2115 abbas
1863 2057 1969 2144 quat-

552 2166 760 2242 tuordecim
778 2167 937 2260 solidos,
959 2195 1004 2245 eo
1023 2183 1175 2255 tenore,
1196 2185 1257 2259 ut,
1276 2168 1307 2245 si
1326 2166 1504 2273 deinceps
1519 2167 1654 2273 aliquis
1669 2167 1841 2274 ejusdem
1855 2169 1970 2252 vineae

449 2310 452 2319 '
552 2291 825 2400 calumpniator
840 2313 1051 2406 exurgeret,
1073 2297 1237 2403 prefatus
1254 2296 1475 2374 Osmundns
1490 2313 1556 2374 aut
1568 2324 1659 2373 suus
1677 2297 1786 2373 heres
1805 2298 1969 2375 similem

554 2425 701 2504 vineam
726 2428 976 2532 suprascripto
1005 2426 1129 2504 abbati
1151 2426 1274 2517 daret,
1296 2444 1339 2504 ut
1364 2443 1462 2504 certe
1485 2426 1531 2502 de
1552 2443 1651 2502 terra
1670 2425 1727 2502 vel
1748 2425 1796 2503 de
1819 2428 1969 2532 propria

559 2555 629 2633 alia
649 2559 807 2665 pecunia
827 2575 1010 2666 quantum
1030 2558 1187 2635 valuisse
1216 2556 1447 2663 probaretur.

721 2743 846 2827 Signum
867 2741 1000 2825 ejusdem
1025 2740 1173 2802 Osuurni.
1200 2739 1325 2823 Signum
1346 2740 1503 2808 Gozeum.
1528 2740 1672 2823 prepositi.
1699 2740 1823 2824 Signum
1843 2742 1970 2803 Wanes-

763 2865 862 2915 suun,
878 2845 1005 2929 majoris.
1021 2842 1149 2925 Signum
1162 2843 1326 2905 Hierum.
1347 2841 1617 2925 Signum’Ossenut
1632 2842 1670 2903 de
1684 2841 1828 2904 Bernivul.
1846 2842 1969 2925 Signum
2039 2889 2041 2892 -

765 2949 906 3015 Herium,
918 2944 1067 3008 filiiGem.
1092 2945 1217 3028 Signum
1227 2945 1360 3007 Aurum
1370 2944 1506 3006 Funouu.
1520 2945 1645 3027 Signum
1658 2944 1796 3015 thtttol.
1811 2945 1968 3008 senescalli.

765 3049 889 3132 Signum
904 3051 1073 3117 Breucum,
1090 3050 1161 3123 coci.
1176 3048 1302 3130 Signum
1317 3047 1468 3118 Renum,
1485 3048 1577 3109 fratris
1591 3051 1673 3132 ejus:

1206 3332 1318 3407 XXI.

610 3511 779 3589 Huberto
805 3511 897 3587 emit
923 3509 1037 3588 abbas
1063 3511 1258 3588 Rainerius
1280 3524 1425 3613 partem
1452 3534 1567 3613 quam
1592 3504 1755 3583 habebat
1780 3506 1819 3580 in
1845 3535 1974 3611 supra-

465 3641 467 3645 ’
556 3641 652 3717 dicta
669 3640 792 3729 vinea,
815 3640 910 3717 datis
924 3639 1054 3747 viginti
1076 3639 1224 3718 duobus
1243 3637 1388 3728 solidis4
1408 3637 1514 3743 cnjus
1532 3651 1645 3713 testes
1663 3652 1753 3713 sunt
1771 3634 1827 3712 illi
1848 3637 1913 3742 qui
1936 3654 1973 3713 et

555 3799 677 3876 supra.

1198 3979 1332 4059 XXII.

615 4159 795 4252 Quaedam
816 4159 954 4237 mulier
980 4160 1027 4238 de
1049 4162 1176 4268 Longa
1194 4158 1307 4246 Vitta,
1330 4158 1485 4235 nomine
1499 4157 1661 4247 'Emma,
1684 4171 1805 4231 mater
1829 4153 1972 4238 lvonis,

560 4291 666 4368 dedit
686 4291 827 4368 Sanctae
851 4291 1025 4369 Trinitati
1045 4292 1085 4367 in
1111 4288 1236 4368 alodio
1262 4287 1541 4397 portiunculam
1560 4304 1668 4364 terrae
1692 4314 1775 4392 quse
1799 4285 1856 4361 sui
1876 4285 1974 4392 juris

561 4439 656 4534 erat,
678 4450 802 4498 coram
823 4422 1040 4529 subscriptis
1059 4421 1228 4499 testibus.

725 4604 850 4687 Signum
862 4607 994 4691 ejusdem
1010 4607 1115 4669 neus
1128 4605 1254 4688 Signum
1266 4601 1420 4665 Wintnmn
1437 4601 1643 4663 Vemonensis.
1663 4598 1787 4683 Signum
1803 4598 1975 4666 Wrnnrnur.

768 4706 1323 4791 mececmrii.,Signum0suoun1‚filii
1344 4709 1417 4790 eJus.
1441 4699 1566 4786 Signum
1589 4703 1714 4766 utimr
1729 4703 1832 4766 Iesos.
1850 4698 1976 4782 Signum

768 4811 908 4880 tircanus.
921 4812 1059 4876 senescet
1075 4811 1200 4892 Quum
1215 4809 1376 4872 Burrieni.
1393 4807 1518 4890 Signum
1534 4803 1803 4905 Rooumg'ffltris
1818 4805 1891 4886 ejus.
