4478 5842
333 481 380 550 66
681 472 1086 547 CHARTULARIUM
1112 471 1390 544 SITHIENSE.

328 618 513 723 mancipia
543 646 627 694 cum
661 615 765 693 omni
799 614 949 691 ethnike
983 631 1022 689 et
1050 612 1232 718 peculiari
1265 640 1414 702 eorum,
1447 613 1601 717 campis,
1635 611 1749 702 silvis,

329 748 459 852 pratis,
475 747 636 854 pascuis,
658 744 792 851 perviis
813 761 850 820 et
867 743 1118 849 wadriscapis,
1141 743 1246 849 aquis
1267 770 1494 849 aquarumve
1515 740 1749 832 decursibus,

328 877 527 969 farinariis,
559 874 790 983 adjacentiis,
817 873 1063 978 appendiciis,
1093 872 1205 948 cultis
1233 889 1271 948 et
1294 872 1461 961 incultis,
1491 874 1616 949 omnia
1644 891 1751 949 etex

329 1008 505 1083 omnibus
520 1005 701 1112 quicquid
717 1003 789 1079 dici
809 1001 868 1078 vel
888 1002 1073 1079 nominari
1092 1017 1235 1107 potest,
1256 1018 1589 1109 quantumcunque
1609 1002 1648 1075 in
1667 1029 1750 1106 pre-

329 1136 436 1213 dictis
454 1136 545 1213 locis
560 1163 643 1210 mea
661 1133 733 1208 fuit
747 1133 931 1237 possessio
946 1133 1005 1208 vel
1023 1131 1252 1221 dominati0,
1268 1149 1345 1207 tam
1360 1130 1407 1207 de
1426 1131 1535 1207 alode
1550 1147 1747 1236 parentum

326 1293 499 1342 meorum
514 1292 627 1370 quam
645 1280 683 1338 et
705 1263 751 1337 de
775 1279 987 1368 comparato
1008 1290 1075 1338 seu
1098 1261 1144 1338 de
1166 1259 1403 1352 concambio,
1426 1260 1485 1336 vel
1508 1262 1556 1337 de
1577 1258 1749 1367 quolibet

326 1411 498 1487 attracto,
516 1395 564 1471 ad
576 1422 636 1470 me
648 1392 794 1501 legibus
804 1395 972 1470 noscitur
983 1394 1210 1499 pervenisse
1231 1392 1475 1469 fabricaturas
1490 1391 1746 1485 ecclesiarum,

279 1522 282 1529 '
326 1554 417 1602 auro
431 1542 680 1634 argentoque,
699 1524 888 1630 drappalia
902 1524 1052 1601 diversae
1067 1523 1173 1600 faciei
1186 1523 1245 1600 vel
1258 1524 1412 1629 speciei,
1429 1523 1547 1600 libros
1568 1521 1746 1614 diversos,

325 1654 384 1733 vel
403 1655 583 1762 quicquid
600 1654 640 1730 in
664 1654 919 1762 suprascriptis
940 1653 1116 1731 omnibus
1134 1653 1227 1729 locis
1251 1652 1414 1758 aspicere
1428 1651 1600 1741 videtur3
1624 1653 1750 1729 omnia

326 1803 364 1862 et
377 1816 421 1862 ex
437 1786 632 1879 omnibus,
645 1815 726 1863 rem
742 1785 1019 1893 inexquisitam,
1032 1783 1080 1860 ad
1094 1785 1301 1891 integrum,
1318 1781 1423 1859 vobis
1438 1809 1506 1888 per
1520 1780 1749 1859 venditionis

324 1916 496 2005 titulum,
511 1933 660 2023 accepto
674 1917 817 2022 precio,
831 1914 993 1992 ecelesiae
1005 1931 1150 2005 vestrae,
1163 1942 1184 1987 a
1196 1912 1258 1991 die
1269 1912 1450 2017 presenti,
1462 1911 1695 2000 transfirm03
1708 1912 1748 1988 in

325 2076 367 2124 ea
382 2077 470 2124 vero
489 2049 650 2140 ratione,
668 2066 711 2125 ut
730 2076 790 2125 res
805 2064 945 2124 cunctae
960 2046 1132 2152 superius
1147 2045 1426 2149 comprehensae
1441 2043 1489 2118 ad
1504 2069 1607 2147 opus·
1619 2070 1749 2121 mona-

324 2178 484 2253 chorum
506 2179 546 2253 in
566 2180 736 2285 predicto
757 2178 985 2255 monasterio
1006 2176 1133 2252 Sithiu
1158 2174 1378 2283 degentium
1403 2173 1623 2252 vestimenta
1645 2199 1747 2252 com-

322 2322 512 2410 parentur,
539 2307 580 2382 id
608 2323 681 2395 est,
705 2306 867 2411 drappos
892 2307 941 2381 ad
961 2304 1132 2380 kamisias
1162 2303 1264 2381 ultro
1302 2303 1481 2395 marinas,
1517 2331 1599 2410 quae
1633 2300 1746 2415 vulgo

323 2439 521 2514 berniscrist
534 2436 755 2526 vocitantur,
777 2435 873 2511 sicut
889 2435 928 2510 in
947 2434 1137 2511 voluntate
1154 2435 1370 2512 continetur
1383 2448 1512 2510 vestra.
1529 2432 1607 2510 Sed
1619 2449 1748 2540 postea

321 2595 486 2659 vos,una
496 2596 583 2643 cum
594 2593 779 2643 consensu
789 2563 948 2641 fratrum
958 2581 1186 2656 vestrorum,
1193 2566 1298 2675 juxta
1307 2565 1410 2672 quod
1422 2593 1505 2642 mea
1515 2563 1586 2639 suit
1594 2563 1743 2669 petitio,

320 2713 363 2770 ut
388 2698 649 2800 suprascriptas
682 2724 740 2772 res
766 2695 860 2771 mihi
884 2694 1081 2783 usualiter,
1113 2713 1285 2800 appresto
1312 2692 1495 2772 beneficio
1519 2709 1661 2784 vestro,
1685 2721 1745 2801 pa·

320 2853 401 2898 rare
417 2825 655 2926 promisistis,
674 2825 721 2898 ad
733 2824 982 2900 excolendum
992 2824 1051 2900 vel
1060 2825 1380 2916 emeliorandum,
1396 2841 1449 2918 et,
1463 2825 1559 2901 sicut
1573 2810 1747 2900 convenit

322 2952 446 3040 nobis,
463 2951 568 3025 annis
583 2951 752 3055 singulis,
764 2953 811 3026 ad
825 2951 1061 3029 festivitatem
1076 2954 1190 3029 sancti
1205 2956 1373 3045 Martini,
1392 2983 1565 3042 censum,
1583 2954 1656 3030 hoc
1671 2969 1742 3041 est,

321 3079 462 3155 solidos
485 3107 510 3154 11
532 3080 577 3155 de
601 3098 770 3186 argento,
791 3081 895 3158 vobis
915 3082 973 3158 vel
993 3084 1270 3160 successoribus
1288 3085 1418 3162 vestris
1437 3083 1525 3160 dare
1547 3081 1607 3160 vel
1626 3099 1744 3160 trans-

320 3208 464 3285 solvere
484 3208 707 3300 debeamus3
728 3229 766 3288 et
786 3211 902 3288 aliubi
926 3212 1043 3318 ipsam
1062 3240 1143 3288 rem
1159 3223 1235 3290 'nec
1255 3215 1361 3305 dare,
1381 3243 1452 3290 nec
1471 3213 1652 3301 vendere,
1675 3239 1744 3290 nec

321 3353 572 3428 commutare,
594 3366 664 3414 nec
680 3339 897 3448 naufragare
917 3339 1157 3446 pontificium
1177 3370 1254 3418 non
1270 3341 1448 3434 habeam,
1470 3370 1541 3420 nec
1559 3328 1743 3448 possessio

321 3495 405 3544 mea
425 3467 571 3547 nullam
593 3495 637 3543 ex
657 3467 731 3544 hoc
752 3467 1006 3575 calumpniam
1027 3498 1206 3580 generare
1226 3500 1306 3548 non
1327 3473 1461 3577 possit;
1482 3471 1555 3549 nisi
1573 3487 1740 3564 tantum,

321 3586 364 3672 {rt
386 3595 530 3674 dictum
557 3613 627 3685 est,
651 3598 835 3702 quamdiu
857 3599 1051 3694 advixero,
1074 3632 1143 3707 pro
1163 3618 1285 3680 vestro
1302 3599 1490 3681 beneficio
1509 3599 1740 3709 possideam,

321 3744 358 3802 et
376 3743 463 3832 post
483 3754 613 3802 meum
633 3724 781 3802 obitum
808 3743 920 3834 atque
944 3730 990 3805 do
1015 3731 1083 3806 hac
1106 3728 1190 3806 luce
1212 3729 1435 3819 discessum,
1458 3758 1591 3809 omnes
1610 3757 1741 3837 supra-

320 3855 473 3962 scriptas
493 3882 570 3946 res,
592 3853 732 3962 absque
756 3855 873 3934 ullius
894 3860 1170 3956 contrarietate,
1186 3889 1252 3939 vos
1270 3863 1330 3939 vel
1350 3890 1582 3941 successores
1604 3836 1740 3953 vestii,

319 4012 339 4059 a
358 3984 418 4061 die
432 3986 613 4092 presenti,
635 3987 684 4063 ad
703 3987 914 4096 integrum,
936 3993 1102 4098 recipere
1122 3991 1263 4071 faciatis
1275 3992 1547 4100 perpetualiter
1561 3993 1610 4070 ad
1624 3992 1742 4099 possi-

320 4114 501 4193 dendum.
526 4117 574 4194 Et
598 4117 677 4194 haec
695 4119 868 4223 praecaria
888 4123 1179 4230 omnitempore
1199 4123 1307 4203 firma
1326 4140 1545 4230 permaneat
1568 4151 1656 4201 cum
1674 4122 1741 4203 sti-

318 4245 508 4344 pulatione
529 4247 695 4323 subnixa.
1610 4250 1613 4264 '

376 4372 537 4449 uActum
558 4376 701 4452 Sanctis
720 4379 884 4483 publice.

374 4501 538 4580 «Datum
555 4505 593 4580 in
610 4533 737 4585 mense
759 4530 926 4619 augusto,
946 4514 1006 4592 die
1021 4544 1072 4594 111.
1102 4548 1200 4597 anno
1218 4546 1327 4597 xxxu.
1348 4519 1455 4626 regni
1471 4515 1589 4594 nostri
1605 4513 1738 4593 domni

316 4631 443 4711 Karoli
458 4632 717 4742 gloriosissimi
736 4642 845 4751 regis.

265 4834 269 4843 .
372 4763 557 4874 «Signum
581 4767 770 4865 Dronarr,
795 4775 860 4879 qui
885 4777 981 4856 hanc
1001 4781 1205 4884 precariam
1230 4782 1313 4861 fieri
1333 4782 1483 4891 rogavit.
