<?xml version="1.0" encoding="UTF-8"?>
<!DOCTYPE html PUBLIC "-//W3C//DTD XHTML 1.0 Transitional//EN"
    "http://www.w3.org/TR/xhtml1/DTD/xhtml1-transitional.dtd">
<html xmlns="http://www.w3.org/1999/xhtml" xml:lang="en" lang="en">
 <head>
  <title>
</title>
<meta http-equiv="Content-Type" content="text/html;charset=utf-8" />
  <meta name='ocr-system' content='tesseract 3.04.00' />
  <meta name='ocr-capabilities' content='ocr_page ocr_carea ocr_par ocr_line ocrx_word'/>
</head>
<body>
  <div class='ocr_page' id='page_1' title='image "./cartulairedelab00frangoog_0446.png"; bbox 0 0 4478 5842; ppageno 0'>
   <div class='ocr_carea' id='block_1_1' title="bbox 429 404 1794 571">
    <p class='ocr_par' dir='ltr' id='par_1_1' title="bbox 429 404 1794 571">
     <span class='ocr_line' id='line_1_1' title="bbox 429 404 1794 571; baseline 0.002 -44"><span class='ocrx_word' id='word_1_1' title='bbox 429 450 1314 571; x_wconf 62' lang='lat' dir='ltr'><strong>ransrcaup-conrmmronqs</strong></span> <span class='ocrx_word' id='word_1_2' title='bbox 1341 450 1568 526; x_wconf 82' lang='lat' dir='ltr'><strong>smonrs.</strong></span> <span class='ocrx_word' id='word_1_3' title='bbox 1652 457 1725 530; x_wconf 89' lang='lat'><strong>555</strong></span> <span class='ocrx_word' id='word_1_4' title='bbox 1791 404 1794 409; x_wconf 52' lang='grc'><strong>’</strong></span> 
     </span>
    </p>
   </div>
   <div class='ocr_carea' id='block_1_2' title="bbox 956 716 1065 793">
    <p class='ocr_par' dir='ltr' id='par_1_2' title="bbox 956 716 1065 793">
     <span class='ocr_line' id='line_1_2' title="bbox 956 716 1065 793; baseline 0.037 -5"><span class='ocrx_word' id='word_1_5' title='bbox 956 716 1065 793; x_wconf 86' lang='lat' dir='ltr'><strong>XIV·</strong></span> 
     </span>
    </p>
   </div>
   <div class='ocr_carea' id='block_1_3' title="bbox 326 900 1706 1067">
    <p class='ocr_par' dir='ltr' id='par_1_3' title="bbox 326 900 1706 1067">
     <span class='ocr_line' id='line_1_3' title="bbox 326 900 1706 981; baseline -0.003 -23"><span class='ocrx_word' id='word_1_6' title='bbox 326 916 482 981; x_wconf 32' lang='lat' dir='ltr'><strong>oneum·</strong></span> <span class='ocrx_word' id='word_1_7' title='bbox 494 916 615 959; x_wconf 71' lang='lat' dir='ltr'>SANCTUS</span> <span class='ocrx_word' id='word_1_8' title='bbox 637 900 771 959; x_wconf 71' lang='lat' dir='ltr'><strong>THOMAS.</strong></span> <span class='ocrx_word' id='word_1_9' title='bbox 794 912 1020 956; x_wconf 72' lang='lat' dir='ltr'><strong>cnnrunhutttsrs</strong></span> <span class='ocrx_word' id='word_1_10' title='bbox 1041 908 1331 960; x_wconf 70' lang='lat' dir='ltr'><strong>Ancntrntsuh,&#39;n1c</strong></span> <span class='ocrx_word' id='word_1_11' title='bbox 1354 912 1463 954; x_wconf 71' lang='lat' dir='ltr'><strong>ronan·</strong></span> <span class='ocrx_word' id='word_1_12' title='bbox 1485 914 1646 964; x_wconf 68' lang='lat' dir='ltr'><strong>necemus.</strong></span> <span class='ocrx_word' id='word_1_13' title='bbox 1671 917 1706 955; x_wconf 76' lang='lat' dir='ltr'><strong>ET</strong></span> 
     </span>
     <span class='ocr_line' id='line_1_4' title="bbox 697 1014 1334 1067; baseline -0.003 -11"><span class='ocrx_word' id='word_1_14' title='bbox 697 1016 865 1067; x_wconf 75' lang='lat' dir='ltr'><strong>QUIBUSDAM</strong></span> <span class='ocrx_word' id='word_1_15' title='bbox 891 1017 1047 1057; x_wconf 72' lang='lat' dir='ltr'><strong>nt&#39;zttrlttus</strong></span> <span class='ocrx_word' id='word_1_16' title='bbox 1070 1016 1162 1057; x_wconf 70' lang='lat' dir='ltr'>HUIUS</span> <span class='ocrx_word' id='word_1_17' title='bbox 1182 1014 1334 1056; x_wconf 71' lang='lat' dir='ltr'><strong>TEMPORIS.</strong></span> 
     </span>
    </p>
   </div>
   <div class='ocr_carea' id='block_1_4' title="bbox 284 1158 1903 2853">
    <p class='ocr_par' dir='ltr' id='par_1_4' title="bbox 284 1158 1903 2853">
     <span class='ocr_line' id='line_1_5' title="bbox 360 1158 1903 1292; baseline -0.001 -29"><span class='ocrx_word' id='word_1_18' title='bbox 360 1185 545 1292; x_wconf 88' lang='lat' dir='ltr'><strong>Propulso</strong></span> <span class='ocrx_word' id='word_1_19' title='bbox 565 1184 612 1260; x_wconf 89' lang='grc'><strong>51)</strong></span> <span class='ocrx_word' id='word_1_20' title='bbox 632 1182 764 1291; x_wconf 83' lang='lat' dir='ltr'><strong>Anglia</strong></span> <span class='ocrx_word' id='word_1_21' title='bbox 781 1184 892 1259; x_wconf 90' lang='lat' dir='ltr'><strong>beato</strong></span> <span class='ocrx_word' id='word_1_22' title='bbox 908 1184 1074 1273; x_wconf 88' lang='lat' dir='ltr'><strong>Thoma,</strong></span> <span class='ocrx_word' id='word_1_23' title='bbox 1095 1182 1174 1257; x_wconf 84' lang='lat' dir='ltr'><strong>viro</strong></span> <span class='ocrx_word' id='word_1_24' title='bbox 1194 1181 1326 1287; x_wconf 90' lang='lat' dir='ltr'><strong>utique</strong></span> <span class='ocrx_word' id='word_1_25' title='bbox 1348 1182 1541 1258; x_wconf 72' lang='lat' dir='ltr'>sanctitate</span> <span class='ocrx_word' id='word_1_26' title='bbox 1561 1186 1727 1289; x_wconf 91' lang='lat' dir='ltr'><strong>predito,</strong></span> <span class='ocrx_word' id='word_1_27' title='bbox 1779 1158 1787 1173; x_wconf 38' lang='grc' dir='ltr'><em>Ι</em></span> <span class='ocrx_word' id='word_1_28' title='bbox 1880 1174 1903 1196; x_wconf 70' lang='lat'><em>⁴</em></span> 
     </span>
     <span class='ocr_line' id='line_1_6' title="bbox 305 1311 1731 1423; baseline -0.004 -27"><span class='ocrx_word' id='word_1_29' title='bbox 305 1315 503 1396; x_wconf 88' lang='lat' dir='ltr'>Gallorum</span> <span class='ocrx_word' id='word_1_30' title='bbox 518 1315 628 1423; x_wconf 91' lang='lat' dir='ltr'><strong>petiit</strong></span> <span class='ocrx_word' id='word_1_31' title='bbox 639 1314 841 1401; x_wconf 87' lang='lat' dir='ltr'><strong>terminos,</strong></span> <span class='ocrx_word' id='word_1_32' title='bbox 857 1312 952 1388; x_wconf 90' lang='lat' dir='ltr'><strong>circa</strong></span> <span class='ocrx_word' id='word_1_33' title='bbox 969 1340 1111 1389; x_wconf 89' lang='lat' dir='ltr'><strong>annum</strong></span> <span class='ocrx_word' id='word_1_34' title='bbox 1131 1311 1306 1389; x_wconf 90' lang='lat' dir='ltr'><strong>Domini¹</strong></span> <span class='ocrx_word' id='word_1_35' title='bbox 1325 1311 1596 1421; x_wconf 84' lang='lat' dir='ltr'><strong>sexagesimum</strong></span> <span class='ocrx_word' id='word_1_36' title='bbox 1619 1317 1731 1421; x_wconf 92' lang='lat' dir='ltr'><strong>quin-</strong></span> 
     </span>
     <span class='ocr_line' id='line_1_7' title="bbox 303 1442 1729 1552; baseline -0.001 -29"><span class='ocrx_word' id='word_1_37' title='bbox 303 1466 398 1523; x_wconf 89' lang='lat' dir='ltr'><strong>tum.</strong></span> <span class='ocrx_word' id='word_1_38' title='bbox 428 1446 594 1525; x_wconf 85' lang='lat' dir='ltr'>Veniens</span> <span class='ocrx_word' id='word_1_39' title='bbox 619 1446 746 1551; x_wconf 77' lang='lat' dir='ltr'><strong>itaque</strong></span> <span class='ocrx_word' id='word_1_40' title='bbox 769 1444 871 1520; x_wconf 92' lang='lat' dir='ltr'><strong>idem</strong></span> <span class='ocrx_word' id='word_1_41' title='bbox 892 1443 1026 1520; x_wconf 90' lang='lat' dir='ltr'><strong>beatus</strong></span> <span class='ocrx_word' id='word_1_42' title='bbox 1054 1442 1183 1552; x_wconf 87' lang='lat' dir='ltr'>presul</span> <span class='ocrx_word' id='word_1_43' title='bbox 1203 1443 1304 1549; x_wconf 89' lang='lat' dir='ltr'><strong>apud</strong></span> <span class='ocrx_word' id='word_1_44' title='bbox 1332 1443 1485 1520; x_wconf 88' lang='lat' dir='ltr'><strong>Clarum</strong></span> <span class='ocrx_word' id='word_1_45' title='bbox 1512 1444 1729 1536; x_wconf 87' lang='lat' dir='ltr'><strong>Mariscum,</strong></span> 
     </span>
     <span class='ocr_line' id='line_1_8' title="bbox 304 1570 1850 1685; baseline -0.002 -30"><span class='ocrx_word' id='word_1_46' title='bbox 304 1570 439 1685; x_wconf 84' lang='lat' dir='ltr'><strong>parum</strong></span> <span class='ocrx_word' id='word_1_47' title='bbox 455 1578 611 1667; x_wconf 78' lang='lat' dir='ltr'><strong>resedit3</strong></span> <span class='ocrx_word' id='word_1_48' title='bbox 628 1593 893 1679; x_wconf 89' lang='lat' dir='ltr'><strong>nocturnoque</strong></span> <span class='ocrx_word' id='word_1_49' title='bbox 905 1591 1078 1681; x_wconf 89' lang='lat' dir='ltr'><strong>tempore</strong></span> <span class='ocrx_word' id='word_1_50' title='bbox 1090 1573 1253 1657; x_wconf 84' lang='lat' dir='ltr'><strong>carinam</strong></span> <span class='ocrx_word' id='word_1_51' title='bbox 1271 1575 1492 1665; x_wconf 89' lang='lat' dir='ltr'><strong>ascendens,</strong></span> <span class='ocrx_word' id='word_1_52' title='bbox 1510 1570 1612 1681; x_wconf 87' lang='lat' dir='ltr'><strong>apud</strong></span> <span class='ocrx_word' id='word_1_53' title='bbox 1623 1576 1733 1652; x_wconf 89' lang='lat' dir='ltr'><strong>eccle·</strong></span> <span class='ocrx_word' id='word_1_54' title='bbox 1848 1614 1850 1618; x_wconf 95' lang='lat'>·</span> 
     </span>
     <span class='ocr_line' id='line_1_9' title="bbox 305 1694 1878 1812; baseline -0.001 -27"><span class='ocrx_word' id='word_1_55' title='bbox 305 1708 438 1786; x_wconf 90' lang='lat' dir='ltr'><strong>siolam</strong></span> <span class='ocrx_word' id='word_1_56' title='bbox 457 1707 558 1785; x_wconf 89' lang='lat' dir='ltr'><strong>beati</strong></span> <span class='ocrx_word' id='word_1_57' title='bbox 584 1706 747 1794; x_wconf 91' lang='lat' dir='ltr'><strong>Bertini,</strong></span> <span class='ocrx_word' id='word_1_58' title='bbox 774 1704 915 1781; x_wconf 92' lang='lat' dir='ltr'><strong>scilicet</strong></span> <span class='ocrx_word' id='word_1_59' title='bbox 937 1722 1043 1782; x_wconf 89' lang='lat' dir='ltr'><strong>vetus</strong></span> <span class='ocrx_word' id='word_1_60' title='bbox 1066 1704 1356 1796; x_wconf 89' lang='lat' dir='ltr'><strong>monasterium,</strong></span> <span class='ocrx_word' id='word_1_61' title='bbox 1385 1704 1583 1812; x_wconf 88' lang='lat' dir='ltr'><strong>applicuit;</strong></span> <span class='ocrx_word' id='word_1_62' title='bbox 1605 1706 1732 1793; x_wconf 89' lang='lat' dir='ltr'><strong>triduo</strong></span> <span class='ocrx_word' id='word_1_63' title='bbox 1875 1694 1878 1702; x_wconf 42' lang='lat'>¹</span> 
     </span>
     <span class='ocr_line' id='line_1_10' title="bbox 284 1833 1730 1944; baseline 0.003 -31"><span class='ocrx_word' id='word_1_64' title='bbox 284 1836 384 1915; x_wconf 84' lang='lat' dir='ltr'><strong>¹illic</strong></span> <span class='ocrx_word' id='word_1_65' title='bbox 398 1865 636 1916; x_wconf 87' lang='lat' dir='ltr'><strong>commorans</strong></span> <span class='ocrx_word' id='word_1_66' title='bbox 649 1866 735 1913; x_wconf 91' lang='lat' dir='ltr'><strong>cum</strong></span> <span class='ocrx_word' id='word_1_67' title='bbox 748 1837 845 1921; x_wconf 85' lang='lat' dir='ltr'><strong>suis,</strong></span> <span class='ocrx_word' id='word_1_68' title='bbox 863 1853 997 1941; x_wconf 89' lang='lat' dir='ltr'><strong>quarto</strong></span> <span class='ocrx_word' id='word_1_69' title='bbox 1014 1835 1089 1923; x_wconf 86' lang='lat' dir='ltr'><strong>die,</strong></span> <span class='ocrx_word' id='word_1_70' title='bbox 1106 1835 1154 1912; x_wconf 91' lang='lat' dir='ltr'><strong>ad</strong></span> <span class='ocrx_word' id='word_1_71' title='bbox 1167 1834 1312 1912; x_wconf 85' lang='lat' dir='ltr'><strong>abbatis</strong></span> <span class='ocrx_word' id='word_1_72' title='bbox 1324 1833 1730 1944; x_wconf 79' lang='lat' dir='ltr'><strong>Godescalcipetitum</strong></span> 
     </span>
     <span class='ocr_line' id='line_1_11' title="bbox 307 1963 1733 2074; baseline -0.001 -29"><span class='ocrx_word' id='word_1_73' title='bbox 307 1968 511 2059; x_wconf 76' lang='lat' dir='ltr'><strong>sithiense,</strong></span> <span class='ocrx_word' id='word_1_74' title='bbox 528 1995 597 2074; x_wconf 92' lang='lat' dir='ltr'><strong>per</strong></span> <span class='ocrx_word' id='word_1_75' title='bbox 614 1965 771 2041; x_wconf 86' lang='lat' dir='ltr'><strong>fluvium</strong></span> <span class='ocrx_word' id='word_1_76' title='bbox 793 1965 981 2071; x_wconf 83' lang='lat' dir='ltr'><strong>Agnione,</strong></span> <span class='ocrx_word' id='word_1_77' title='bbox 1003 1964 1097 2041; x_wconf 87' lang='lat' dir='ltr'><strong>adiit</strong></span> <span class='ocrx_word' id='word_1_78' title='bbox 1111 1963 1333 2065; x_wconf 76' lang='lat' dir='ltr'><strong>cenobium3</strong></span> <span class='ocrx_word' id='word_1_79' title='bbox 1355 1964 1438 2056; x_wconf 90' lang='lat' dir='ltr'><strong>ubi,</strong></span> <span class='ocrx_word' id='word_1_80' title='bbox 1457 1996 1544 2042; x_wconf 92' lang='lat' dir='ltr'><strong>cum</strong></span> <span class='ocrx_word' id='word_1_81' title='bbox 1565 1967 1733 2073; x_wconf 90' lang='lat' dir='ltr'><strong>aliquan-</strong></span> 
     </span>
     <span class='ocr_line' id='line_1_12' title="bbox 308 2095 1732 2202; baseline 0 -28"><span class='ocrx_word' id='word_1_82' title='bbox 308 2097 392 2186; x_wconf 85' lang='lat' dir='ltr'>diu,</span> <span class='ocrx_word' id='word_1_83' title='bbox 414 2125 489 2172; x_wconf 91' lang='lat' dir='ltr'><strong>una</strong></span> <span class='ocrx_word' id='word_1_84' title='bbox 508 2126 593 2173; x_wconf 91' lang='lat' dir='ltr'><strong>cum</strong></span> <span class='ocrx_word' id='word_1_85' title='bbox 610 2096 735 2201; x_wconf 88' lang='lat' dir='ltr'><strong>priore</strong></span> <span class='ocrx_word' id='word_1_86' title='bbox 758 2113 795 2171; x_wconf 91' lang='lat' dir='ltr'><strong>et</strong></span> <span class='ocrx_word' id='word_1_87' title='bbox 817 2095 977 2171; x_wconf 78' lang='lat' dir='ltr'><strong>maxima</strong></span> <span class='ocrx_word' id='word_1_88' title='bbox 998 2113 1101 2200; x_wconf 87' lang='lat' dir='ltr'><strong>parte</strong></span> <span class='ocrx_word' id='word_1_89' title='bbox 1123 2110 1386 2185; x_wconf 85' lang='lat' dir='ltr'>monacorum,</span> <span class='ocrx_word' id='word_1_90' title='bbox 1409 2113 1582 2202; x_wconf 91' lang='lat' dir='ltr'><strong>receptus</strong></span> <span class='ocrx_word' id='word_1_91' title='bbox 1601 2127 1643 2173; x_wconf 91' lang='lat' dir='ltr'><strong>ac</strong></span> <span class='ocrx_word' id='word_1_92' title='bbox 1662 2127 1732 2175; x_wconf 93' lang='lat' dir='ltr'><strong>nu-</strong></span> 
     </span>
     <span class='ocr_line' id='line_1_13' title="bbox 306 2223 1731 2332; baseline -0.001 -30"><span class='ocrx_word' id='word_1_93' title='bbox 306 2226 418 2303; x_wconf 89' lang='lat' dir='ltr'><strong>tritus</strong></span> <span class='ocrx_word' id='word_1_94' title='bbox 434 2244 547 2318; x_wconf 89' lang='lat' dir='ltr'><strong>esset,</strong></span> <span class='ocrx_word' id='word_1_95' title='bbox 563 2227 718 2303; x_wconf 91' lang='lat' dir='ltr'><strong>tandem</strong></span> <span class='ocrx_word' id='word_1_96' title='bbox 729 2289 737 2318; x_wconf 94' lang='lat'><strong>,</strong></span> <span class='ocrx_word' id='word_1_97' title='bbox 750 2226 880 2332; x_wconf 85' lang='lat' dir='ltr'><strong>paucis</strong></span> <span class='ocrx_word' id='word_1_98' title='bbox 891 2226 1086 2302; x_wconf 79' lang='lat' dir='ltr'><strong>transactis</strong></span> <span class='ocrx_word' id='word_1_99' title='bbox 1101 2223 1252 2311; x_wconf 88' lang='lat' dir='ltr'><strong>diebus,</strong></span> <span class='ocrx_word' id='word_1_100' title='bbox 1270 2223 1410 2301; x_wconf 89' lang='lat' dir='ltr'><strong>relictis</strong></span> <span class='ocrx_word' id='word_1_101' title='bbox 1425 2224 1581 2301; x_wconf 81' lang='lat' dir='ltr'><strong>ecclesie</strong></span> <span class='ocrx_word' id='word_1_102' title='bbox 1593 2224 1731 2302; x_wconf 85' lang='lat' dir='ltr'><strong>Christi</strong></span> 
     </span>
     <span class='ocr_line' id='line_1_14' title="bbox 307 2352 1734 2461; baseline -0.001 -29"><span class='ocrx_word' id='word_1_103' title='bbox 307 2355 490 2447; x_wconf 88' lang='lat' dir='ltr'><strong>monacis,</strong></span> <span class='ocrx_word' id='word_1_104' title='bbox 508 2355 761 2445; x_wconf 84' lang='lat' dir='ltr'><strong>Ludovicum,</strong></span> <span class='ocrx_word' id='word_1_105' title='bbox 776 2356 930 2431; x_wconf 79' lang='lat' dir='ltr'><strong>Francia</strong></span> <span class='ocrx_word' id='word_1_106' title='bbox 951 2383 1098 2461; x_wconf 84' lang='lat' dir='ltr'><strong>regern,</strong></span> <span class='ocrx_word' id='word_1_107' title='bbox 1114 2353 1243 2459; x_wconf 81' lang='lat' dir='ltr'><strong>petiit,</strong></span> <span class='ocrx_word' id='word_1_108' title='bbox 1261 2382 1324 2430; x_wconf 85' lang='lat' dir='ltr'><strong>sua</strong></span> <span class='ocrx_word' id='word_1_109' title='bbox 1340 2382 1427 2429; x_wconf 90' lang='lat' dir='ltr'><strong>cum</strong></span> <span class='ocrx_word' id='word_1_110' title='bbox 1445 2352 1629 2431; x_wconf 82' lang='lat' dir='ltr'><strong>comitiva.</strong></span> <span class='ocrx_word' id='word_1_111' title='bbox 1648 2356 1734 2430; x_wconf 86' lang='lat' dir='ltr'><strong>Post</strong></span> 
     </span>
     <span class='ocr_line' id='line_1_15' title="bbox 308 2483 1734 2592; baseline -0.001 -30"><span class='ocrx_word' id='word_1_112' title='bbox 308 2483 629 2592; x_wconf 86' lang='lat' dir='ltr'><strong>complementum</strong></span> <span class='ocrx_word' id='word_1_113' title='bbox 647 2502 932 2590; x_wconf 69' lang='lat' dir='ltr'><strong>autemseptem</strong></span> <span class='ocrx_word' id='word_1_114' title='bbox 950 2513 1155 2580; x_wconf 85' lang='lat' dir='ltr'><strong>annorum,</strong></span> <span class='ocrx_word' id='word_1_115' title='bbox 1176 2512 1369 2589; x_wconf 88' lang='lat' dir='ltr'><strong>cumpace</strong></span> <span class='ocrx_word' id='word_1_116' title='bbox 1388 2512 1467 2561; x_wconf 91' lang='lat' dir='ltr'><strong>non</strong></span> <span class='ocrx_word' id='word_1_117' title='bbox 1487 2513 1570 2562; x_wconf 89' lang='lat' dir='ltr'><strong>vera</strong></span> <span class='ocrx_word' id='word_1_118' title='bbox 1590 2486 1637 2561; x_wconf 90' lang='lat' dir='ltr'><strong>ad</strong></span> <span class='ocrx_word' id='word_1_119' title='bbox 1657 2485 1734 2562; x_wconf 90' lang='lat' dir='ltr'><strong>An-</strong></span> 
     </span>
     <span class='ocr_line' id='line_1_16' title="bbox 307 2589 1732 2724; baseline 0 -33"><span class='ocrx_word' id='word_1_120' title='bbox 307 2614 421 2724; x_wconf 86' lang='lat' dir='ltr'><strong>gliam</strong></span> <span class='ocrx_word' id='word_1_121' title='bbox 448 2589 662 2703; x_wconf 75' lang='lat' dir='ltr'><strong>revertitur,</strong></span> <span class='ocrx_word' id='word_1_122' title='bbox 688 2614 754 2690; x_wconf 85' lang='lat' dir='ltr'><strong>uhi</strong></span> <span class='ocrx_word' id='word_1_123' title='bbox 782 2615 821 2689; x_wconf 93' lang='lat' dir='ltr'><strong>in</strong></span> <span class='ocrx_word' id='word_1_124' title='bbox 847 2643 910 2690; x_wconf 87' lang='lat' dir='ltr'><strong>sua</strong></span> <span class='ocrx_word' id='word_1_125' title='bbox 942 2614 1097 2689; x_wconf 90' lang='lat' dir='ltr'><strong>ecclesia</strong></span> <span class='ocrx_word' id='word_1_126' title='bbox 1123 2612 1344 2703; x_wconf 83' lang='lat' dir='ltr'><strong>cathedrali,</strong></span> <span class='ocrx_word' id='word_1_127' title='bbox 1374 2631 1459 2690; x_wconf 89' lang='lat' dir='ltr'><strong>ante</strong></span> <span class='ocrx_word' id='word_1_128' title='bbox 1484 2615 1614 2707; x_wconf 88' lang='lat' dir='ltr'><strong>altare,</strong></span> <span class='ocrx_word' id='word_1_129' title='bbox 1639 2615 1732 2691; x_wconf 89' lang='lat' dir='ltr'><strong>dum</strong></span> 
     </span>
     <span class='ocr_line' id='line_1_17' title="bbox 309 2740 1729 2853; baseline 0.001 -35"><span class='ocrx_word' id='word_1_130' title='bbox 309 2743 532 2834; x_wconf 84' lang='lat' dir='ltr'><strong>celebraret,</strong></span> <span class='ocrx_word' id='word_1_131' title='bbox 547 2743 755 2850; x_wconf 89' lang='lat' dir='ltr'><strong>proditorie</strong></span> <span class='ocrx_word' id='word_1_132' title='bbox 772 2743 890 2849; x_wconf 88' lang='lat' dir='ltr'><strong>capite</strong></span> <span class='ocrx_word' id='word_1_133' title='bbox 905 2744 1119 2832; x_wconf 90' lang='lat' dir='ltr'><strong>mulctatur,</strong></span> <span class='ocrx_word' id='word_1_134' title='bbox 1136 2771 1235 2819; x_wconf 89' lang='lat' dir='ltr'><strong>anno</strong></span> <span class='ocrx_word' id='word_1_135' title='bbox 1250 2740 1407 2820; x_wconf 89' lang='lat' dir='ltr'><strong>Domini</strong></span> <span class='ocrx_word' id='word_1_136' title='bbox 1425 2746 1729 2853; x_wconf 83' lang='lat' dir='ltr'><strong>septuagesim0¹.</strong></span> 
     </span>
    </p>
   </div>
   <div class='ocr_carea' id='block_1_5' title="bbox 604 2941 1252 3128">
    <p class='ocr_par' dir='ltr' id='par_1_5' title="bbox 604 2941 1252 3128">
     <span class='ocr_line' id='line_1_18' title="bbox 604 2941 1201 3025; baseline 0.003 -24"><span class='ocrx_word' id='word_1_137' title='bbox 604 2941 690 3002; x_wconf 83' lang='lat' dir='ltr'><strong>Anno</strong></span> <span class='ocrx_word' id='word_1_138' title='bbox 706 2942 826 3004; x_wconf 88' lang='lat' dir='ltr'><strong>milleno</strong></span> <span class='ocrx_word' id='word_1_139' title='bbox 843 2955 967 3005; x_wconf 85' lang='lat' dir='ltr'><strong>centeno</strong></span> <span class='ocrx_word' id='word_1_140' title='bbox 987 2955 1166 3025; x_wconf 75' lang='lat' dir='ltr'><strong>septuageno</strong></span> <span class='ocrx_word' id='word_1_141' title='bbox 1180 2942 1201 3012; x_wconf 83' lang='lat'><strong>¹,</strong></span> 
     </span>
     <span class='ocr_line' id='line_1_19' title="bbox 606 3043 1252 3128; baseline 0.005 -26"><span class='ocrx_word' id='word_1_142' title='bbox 606 3043 766 3125; x_wconf 74' lang='lat' dir='ltr'><strong>Anglorum</strong></span> <span class='ocrx_word' id='word_1_143' title='bbox 779 3046 889 3128; x_wconf 87' lang='lat' dir='ltr'><strong>primas</strong></span> <span class='ocrx_word' id='word_1_144' title='bbox 901 3047 1010 3107; x_wconf 87' lang='lat' dir='ltr'><strong>corruit</strong></span> <span class='ocrx_word' id='word_1_145' title='bbox 1027 3066 1096 3107; x_wconf 83' lang='lat' dir='ltr'><strong>ense</strong></span> <span class='ocrx_word' id='word_1_146' title='bbox 1113 3045 1252 3107; x_wconf 84' lang='lat' dir='ltr'><strong>Th0mas.</strong></span> 
     </span>
    </p>
   </div>
   <div class='ocr_carea' id='block_1_6' title="bbox 310 3156 1735 3705">
    <p class='ocr_par' dir='ltr' id='par_1_6' title="bbox 310 3156 1735 3705">
     <span class='ocr_line' id='line_1_20' title="bbox 367 3156 1731 3311; baseline 0.001 -31"><span class='ocrx_word' id='word_1_147' title='bbox 367 3207 556 3309; x_wconf 88' lang='lat' dir='ltr'><strong>Tempore</strong></span> <span class='ocrx_word' id='word_1_148' title='bbox 576 3206 692 3311; x_wconf 90' lang='lat' dir='ltr'><strong>hujus</strong></span> <span class='ocrx_word' id='word_1_149' title='bbox 716 3203 836 3296; x_wconf 81' lang='lat' dir='ltr'><strong>exilii,</strong></span> <span class='ocrx_word' id='word_1_150' title='bbox 864 3205 1014 3281; x_wconf 88' lang='lat' dir='ltr'><strong>decedit</strong></span> <span class='ocrx_word' id='word_1_151' title='bbox 1035 3156 1286 3281; x_wconf 79' lang='lat' dir='ltr'><strong>Flaridrarum</strong></span> <span class='ocrx_word' id='word_1_152' title='bbox 1308 3233 1435 3282; x_wconf 90' lang='lat' dir='ltr'><strong>comes</strong></span> <span class='ocrx_word' id='word_1_153' title='bbox 1455 3206 1731 3299; x_wconf 87' lang='lat' dir='ltr'><strong>Theodericus,</strong></span> 
     </span>
     <span class='ocr_line' id='line_1_21' title="bbox 311 3332 1731 3442; baseline 0.001 -30"><span class='ocrx_word' id='word_1_154' title='bbox 311 3334 553 3442; x_wconf 87' lang='lat' dir='ltr'><strong>succeditque</strong></span> <span class='ocrx_word' id='word_1_155' title='bbox 568 3336 602 3412; x_wconf 89' lang='lat' dir='ltr'><strong>ei</strong></span> <span class='ocrx_word' id='word_1_156' title='bbox 613 3334 716 3412; x_wconf 90' lang='lat' dir='ltr'><strong>filius</strong></span> <span class='ocrx_word' id='word_1_157' title='bbox 727 3336 808 3442; x_wconf 91' lang='lat' dir='ltr'><strong>ejus</strong></span> <span class='ocrx_word' id='word_1_158' title='bbox 823 3335 1033 3442; x_wconf 85' lang='lat' dir='ltr'><strong>Philippus.</strong></span> <span class='ocrx_word' id='word_1_159' title='bbox 1046 3332 1139 3415; x_wconf 89' lang='lat' dir='ltr'><strong>Milo</strong></span> <span class='ocrx_word' id='word_1_160' title='bbox 1155 3335 1265 3429; x_wconf 89' lang='lat' dir='ltr'><strong>item,</strong></span> <span class='ocrx_word' id='word_1_161' title='bbox 1278 3336 1451 3442; x_wconf 88' lang='lat' dir='ltr'><strong>sequenti</strong></span> <span class='ocrx_word' id='word_1_162' title='bbox 1462 3362 1561 3412; x_wconf 89' lang='lat' dir='ltr'><strong>anno</strong></span> <span class='ocrx_word' id='word_1_163' title='bbox 1575 3362 1731 3427; x_wconf 66' lang='lat' dir='ltr'><strong>cccxix,</strong></span> 
     </span>
     <span class='ocr_line' id='line_1_22' title="bbox 310 3464 1735 3571; baseline 0.001 -31"><span class='ocrx_word' id='word_1_164' title='bbox 310 3465 426 3570; x_wconf 91' lang='lat' dir='ltr'><strong>hujus</strong></span> <span class='ocrx_word' id='word_1_165' title='bbox 442 3465 607 3551; x_wconf 88' lang='lat' dir='ltr'><strong>nominis</strong></span> <span class='ocrx_word' id='word_1_166' title='bbox 621 3468 811 3545; x_wconf 92' lang='lat' dir='ltr'><strong>secundus</strong></span> <span class='ocrx_word' id='word_1_167' title='bbox 826 3468 1063 3544; x_wconf 90' lang='lat' dir='ltr'><strong>Morinorum</strong></span> <span class='ocrx_word' id='word_1_168' title='bbox 1082 3464 1227 3571; x_wconf 67' lang='lat' dir='ltr'><strong>presul,</strong></span> <span class='ocrx_word' id='word_1_169' title='bbox 1237 3465 1337 3541; x_wconf 91' lang='lat' dir='ltr'><strong>diem</strong></span> <span class='ocrx_word' id='word_1_170' title='bbox 1356 3464 1467 3551; x_wconf 90' lang='lat' dir='ltr'><strong>obiit,</strong></span> <span class='ocrx_word' id='word_1_171' title='bbox 1484 3465 1542 3540; x_wconf 92' lang='lat' dir='ltr'><strong>cni</strong></span> <span class='ocrx_word' id='word_1_172' title='bbox 1559 3467 1735 3542; x_wconf 88' lang='lat' dir='ltr'><strong>successit</strong></span> 
     </span>
     <span class='ocr_line' id='line_1_23' title="bbox 311 3592 1646 3705; baseline -0.001 -34"><span class='ocrx_word' id='word_1_173' title='bbox 311 3595 549 3679; x_wconf 84' lang='lat' dir='ltr'><strong>Desiderins‚</strong></span> <span class='ocrx_word' id='word_1_174' title='bbox 571 3600 788 3705; x_wconf 78' lang='lat' dir='ltr'><strong>prepositus</strong></span> <span class='ocrx_word' id='word_1_175' title='bbox 807 3596 1008 3672; x_wconf 90' lang='lat' dir='ltr'><strong>lnsulanus</strong></span> <span class='ocrx_word' id='word_1_176' title='bbox 1027 3613 1065 3670; x_wconf 92' lang='lat' dir='ltr'><strong>et</strong></span> <span class='ocrx_word' id='word_1_177' title='bbox 1084 3592 1336 3671; x_wconf 83' lang='lat' dir='ltr'><strong>Tornacensis</strong></span> <span class='ocrx_word' id='word_1_178' title='bbox 1351 3594 1646 3671; x_wconf 83' lang='lat' dir='ltr'><strong>archidiaconus.</strong></span> 
     </span>
    </p>
   </div>
   <div class='ocr_carea' id='block_1_7' title="bbox 981 3869 1067 3942">
    <p class='ocr_par' dir='ltr' id='par_1_7' title="bbox 981 3869 1067 3942">
     <span class='ocr_line' id='line_1_24' title="bbox 981 3869 1067 3942; baseline 0 -2"><span class='ocrx_word' id='word_1_179' title='bbox 981 3869 1067 3942; x_wconf 87' lang='lat' dir='ltr'><strong>XV.</strong></span> 
     </span>
    </p>
   </div>
   <div class='ocr_carea' id='block_1_8' title="bbox 473 4064 1571 4108">
    <p class='ocr_par' dir='ltr' id='par_1_8' title="bbox 473 4064 1571 4108">
     <span class='ocr_line' id='line_1_25' title="bbox 473 4064 1571 4108; baseline 0.003 -5"><span class='ocrx_word' id='word_1_180' title='bbox 473 4065 510 4104; x_wconf 73' lang='lat' dir='ltr'><strong>DE</strong></span> <span class='ocrx_word' id='word_1_181' title='bbox 533 4064 717 4107; x_wconf 65' lang='lat' dir='ltr'><strong>resistendis</strong></span> <span class='ocrx_word' id='word_1_182' title='bbox 741 4066 860 4108; x_wconf 71' lang='lat' dir='ltr'><strong>sonans</strong></span> <span class='ocrx_word' id='word_1_183' title='bbox 882 4065 984 4107; x_wconf 75' lang='lat' dir='ltr'><strong>nosrttl</strong></span> <span class='ocrx_word' id='word_1_184' title='bbox 1005 4065 1118 4107; x_wconf 70' lang='lat' dir='ltr'><strong>conruit</strong></span> <span class='ocrx_word' id='word_1_185' title='bbox 1141 4066 1336 4108; x_wconf 70' lang='lat' dir='ltr'><strong>novensmlos</strong></span> <span class='ocrx_word' id='word_1_186' title='bbox 1356 4066 1410 4108; x_wconf 76' lang='lat' dir='ltr'><strong>SUB</strong></span> <span class='ocrx_word' id='word_1_187' title='bbox 1431 4066 1571 4108; x_wconf 70' lang='lat' dir='ltr'><strong>monaste,</strong></span> 
     </span>
    </p>
   </div>
   <div class='ocr_carea' id='block_1_9' title="bbox 315 4220 1737 4724">
    <p class='ocr_par' dir='ltr' id='par_1_9' title="bbox 315 4220 1737 4724">
     <span class='ocr_line' id='line_1_26' title="bbox 372 4220 1737 4333; baseline 0.007 -37"><span class='ocrx_word' id='word_1_188' title='bbox 372 4220 420 4296; x_wconf 92' lang='lat' dir='ltr'><strong>Ut</strong></span> <span class='ocrx_word' id='word_1_189' title='bbox 443 4239 591 4309; x_wconf 89' lang='lat' dir='ltr'><strong>autem,</strong></span> <span class='ocrx_word' id='word_1_190' title='bbox 616 4224 663 4309; x_wconf 84' lang='lat' dir='ltr'><strong>ad</strong></span> <span class='ocrx_word' id='word_1_191' title='bbox 683 4224 878 4301; x_wconf 91' lang='lat' dir='ltr'><strong>materiam</strong></span> <span class='ocrx_word' id='word_1_192' title='bbox 900 4226 1067 4300; x_wconf 84' lang='lat' dir='ltr'><strong>hostram</strong></span> <span class='ocrx_word' id='word_1_193' title='bbox 1088 4226 1310 4312; x_wconf 89' lang='lat' dir='ltr'><strong>redeuntes,</strong></span> <span class='ocrx_word' id='word_1_194' title='bbox 1331 4242 1432 4333; x_wconf 87' lang='lat' dir='ltr'><strong>gesta</strong></span> <span class='ocrx_word' id='word_1_195' title='bbox 1453 4225 1596 4303; x_wconf 88' lang='lat' dir='ltr'><strong>abbatis</strong></span> <span class='ocrx_word' id='word_1_196' title='bbox 1620 4233 1737 4305; x_wconf 89' lang='lat' dir='ltr'><strong>nostri</strong></span> 
     </span>
     <span class='ocr_line' id='line_1_27' title="bbox 315 4334 1737 4461; baseline 0.007 -36"><span class='ocrx_word' id='word_1_197' title='bbox 315 4377 600 4456; x_wconf 89' lang='lat' dir='ltr'><strong>prosequamur,</strong></span> <span class='ocrx_word' id='word_1_198' title='bbox 635 4353 742 4431; x_wconf 91' lang='lat' dir='ltr'><strong>nullo</strong></span> <span class='ocrx_word' id='word_1_199' title='bbox 769 4354 847 4430; x_wconf 86' lang='lat' dir='ltr'><strong>lere</strong></span> <span class='ocrx_word' id='word_1_200' title='bbox 872 4382 949 4459; x_wconf 92' lang='lat' dir='ltr'><strong>quo</strong></span> <span class='ocrx_word' id='word_1_201' title='bbox 976 4356 1039 4432; x_wconf 93' lang='lat' dir='ltr'><strong>hic</strong></span> <span class='ocrx_word' id='word_1_202' title='bbox 1067 4355 1208 4461; x_wconf 83' lang='lat' dir='ltr'><strong>prefuit</strong></span> <span class='ocrx_word' id='word_1_203' title='bbox 1233 4373 1420 4461; x_wconf 90' lang='lat' dir='ltr'><strong>tempore,</strong></span> <span class='ocrx_word' id='word_1_204' title='bbox 1446 4385 1465 4431; x_wconf 95' lang='grc'><strong>5</strong></span> <span class='ocrx_word' id='word_1_205' title='bbox 1492 4334 1737 4436; x_wconf 80' lang='lat' dir='ltr'><strong>tribulatione</strong></span> 
     </span>
     <span class='ocr_line' id='line_1_28' title="bbox 317 4483 1737 4593; baseline 0.006 -38"><span class='ocrx_word' id='word_1_206' title='bbox 317 4495 355 4555; x_wconf 85' lang='lat' dir='ltr'><strong>et</strong></span> <span class='ocrx_word' id='word_1_207' title='bbox 372 4483 633 4585; x_wconf 85' lang='lat' dir='ltr'><strong>persecutione</strong></span> <span class='ocrx_word' id='word_1_208' title='bbox 661 4484 758 4564; x_wconf 87' lang='lat' dir='ltr'><strong>liber</strong></span> <span class='ocrx_word' id='word_1_209' title='bbox 780 4483 863 4591; x_wconf 81' lang='lat' dir='ltr'><strong>luit.</strong></span> <span class='ocrx_word' id='word_1_210' title='bbox 891 4485 996 4561; x_wconf 88' lang='lat' dir='ltr'><strong>Intus</strong></span> <span class='ocrx_word' id='word_1_211' title='bbox 1020 4512 1128 4575; x_wconf 89' lang='lat' dir='ltr'><strong>eum,</strong></span> <span class='ocrx_word' id='word_1_212' title='bbox 1156 4504 1200 4563; x_wconf 89' lang='lat' dir='ltr'><strong>ut</strong></span> <span class='ocrx_word' id='word_1_213' title='bbox 1222 4485 1477 4593; x_wconf 85' lang='lat' dir='ltr'><strong>premisimus,</strong></span> <span class='ocrx_word' id='word_1_214' title='bbox 1503 4486 1679 4566; x_wconf 84' lang='lat' dir='ltr'><strong>odiosum</strong></span> <span class='ocrx_word' id='word_1_215' title='bbox 1699 4507 1737 4564; x_wconf 92' lang='lat' dir='ltr'><strong>et</strong></span> 
     </span>
     <span class='ocr_line' id='line_1_29' title="bbox 316 4610 1732 4724; baseline 0.006 -39"><span class='ocrx_word' id='word_1_216' title='bbox 316 4630 534 4716; x_wconf 87' lang='lat' dir='ltr'><strong>suspectum</strong></span> <span class='ocrx_word' id='word_1_217' title='bbox 555 4614 745 4693; x_wconf 82' lang='lat' dir='ltr'><strong>habebant</strong></span> <span class='ocrx_word' id='word_1_218' title='bbox 764 4616 956 4709; x_wconf 79' lang='lat' dir='ltr'><strong>monachi3</strong></span> <span class='ocrx_word' id='word_1_219' title='bbox 975 4614 1068 4695; x_wconf 83' lang='lat' dir='ltr'><strong>foris</strong></span> <span class='ocrx_word' id='word_1_220' title='bbox 1083 4610 1410 4724; x_wconf 66' lang='lat' dir='ltr'><strong>prosequebantur</strong></span> <span class='ocrx_word' id='word_1_221' title='bbox 1428 4615 1552 4694; x_wconf 89' lang='lat' dir='ltr'><strong>clerici</strong></span> <span class='ocrx_word' id='word_1_222' title='bbox 1576 4636 1614 4696; x_wconf 89' lang='lat' dir='ltr'><strong>et</strong></span> <span class='ocrx_word' id='word_1_223' title='bbox 1637 4616 1732 4695; x_wconf 84' lang='lat' dir='ltr'><strong>laici.</strong></span> 
     </span>
    </p>
   </div>
   <div class='ocr_carea' id='block_1_10' title="bbox 360 4773 1597 4847">
    <p class='ocr_par' dir='ltr' id='par_1_10' title="bbox 360 4773 1597 4847">
     <span class='ocr_line' id='line_1_30' title="bbox 360 4773 1597 4847; baseline 0.005 -10"><span class='ocrx_word' id='word_1_224' title='bbox 360 4773 368 4803; x_wconf 92' lang='lat'><strong>¹</strong></span> <span class='ocrx_word' id='word_1_225' title='bbox 391 4775 521 4839; x_wconf 78' lang='lat' dir='ltr'><strong>subaud.</strong></span> <span class='ocrx_word' id='word_1_226' title='bbox 537 4801 585 4840; x_wconf 76' lang='lat' dir='ltr'><strong>uc.</strong></span> <span class='ocrx_word' id='word_1_227' title='bbox 1002 4781 1013 4811; x_wconf 83' lang='lat'>¹</span> <span class='ocrx_word' id='word_1_228' title='bbox 1037 4783 1172 4845; x_wconf 85' lang='lat' dir='ltr'><strong>Secunda</strong></span> <span class='ocrx_word' id='word_1_229' title='bbox 1186 4805 1294 4845; x_wconf 85' lang='lat' dir='ltr'><strong>manu:</strong></span> <span class='ocrx_word' id='word_1_230' title='bbox 1311 4783 1493 4845; x_wconf 72' lang='lat' dir='ltr'><strong>cummilicet</strong></span> <span class='ocrx_word' id='word_1_231' title='bbox 1510 4783 1597 4847; x_wconf 83' lang='lat'>1168.</span> 
     </span>
    </p>
   </div>
   <div class='ocr_carea' id='block_1_11' title="bbox 0 0 2256 5842">
    <p class='ocr_par' dir='ltr' id='par_1_11' title="bbox 0 0 2256 5842">
     <span class='ocr_line' id='line_1_31' title="bbox 0 0 2256 5842; baseline 0 0"><span class='ocrx_word' id='word_1_232' title='bbox 0 0 2256 5842; x_wconf 95' lang='lat' dir='ltr'><strong> </strong></span> 
     </span>
    </p>
   </div>
  </div>
 </body>
</html>
