4478 5842
323 469 392 542 158
662 420 1070 546 cunarusasmu
1105 474 1393 549 srrmnnsr.

311 608 462 715 judicii,
478 609 573 688 ratio
587 610 637 687 sit
649 629 734 690 ante
747 611 916 689 tribunal
928 611 1083 690 Christi.
1097 614 1145 691 Et
1157 613 1257 692 illud
1274 643 1408 721 parum
1425 615 1466 695 in
1478 614 1737 721 ipso'Stened·

316 738 406 816 land
423 757 461 816 et
472 740 791 849 Ricolvingahem,
806 741 990 848 quicquid
1005 770 1074 851 ego
1090 761 1131 820 et>
1141 744 1320 821 Hlotildis
1334 773 1375 821 ac
1389 745 1615 822 Heremarns
1630 744 1735 824 dele-

315 889 494 973 garerunt
513 900 631 976 usque
652 871 700 947 ad
714 871 871 948 bunaria
887 899 945 964 cs,
963 902 1005 949 ac
1024 873 1208 978 mancipia
1229 901 1304 965 ιιι,
1326 889 1451 952 totum
1474 876 1522 952 ad
1543 875 1732 983 integnrm

316 1000 508 1102 pertinens
529 1014 566 1078 et
579 1003 741 1078 serviens
754 1003 802 1079 ad
815 1002 1007 1080 basilicam
1020 1004 1176 1082 Domini
1190 1004 1399 1083 Salvatoris.

919 1294 1124 1369 LXXXV.

271 1494 274 1504 '
314 1510 390 1551 aruo
413 1510 596 1552 uamvrrnrrs
617 1510 783 1557 ccccxxvi..
813 1510 890 1551 sura
912 1510 1028 1551 nnevsn
1056 1511 1141 1550 rscrr
1163 1509 1340 1558 cornenrns,
1366 1511 1490 1565 Quauno
1511 1511 1633 1561 »annnam
1659 1514 1736 1563 spart

357 1611 534 1651 senraunan
559 1611 645 1651 nuxrr
673 1612 710 1651 nn
734 1612 833 1651 nonan
864 1613 899 1652 rr
928 1611 1127 1652 cerneremus
1149 1612 1254 1653 rraruu
1280 1613 1377 1663 sunu,
1404 1614 1440 1654 sr
1468 1615 1509 1654 rer
1539 1615 1597 1655 surr
1626 1614 1735 1656 sincro

358 1710 447 1753 resno
467 1711 608 1759 omnam
631 1712 666 1752 er
688 1712 760 1752 rara
782 1712 922 1755 rncsmus
944 1711 1007 1753 ron
1029 1712 1071 1753 rm
1094 1712 1266 1756 ctsnrcnvrr
1288 1712 1323 1754 er
1344 1714 1553 1757 conrrnunvrr.

372 1908 562 1985 «Omnem
577 1907 821 1985 substantiam
836 1925 1004 1985 nostram
1018 1908 1191 1986 misimus
1200 1910 1242 1988 in
1255 1930 1389 1986 manus
1401 1912 1592 1989 bonorum
1609 1911 1733 1987 homi-

316 2067 424 2129 num,
442 2039 571 2114 tamin
587 2036 697 2114 terris
715 2064 830 2143 quam
842 2037 883 2115 in
895 2038 1106 2145 mancipiis,
1124 2039 1298 2144 peculiis,
1319 2041 1509 2144 presidiis,
1527 2039 1733 2124 mobilibus

315 2186 352 2244 et
370 2167 649 2259 immobilibus,
670 2167 798 2244 omnia
818 2184 856 2242 et
879 2196 923 2242 ex
944 2168 1139 2258 omnihus,
1165 2186 1290 2244 totum
1316 2169 1365 2246 ad
1394 2169 1602 2277 integmrng
1627 2171 1668 2245 in
1687 2196 1733 2247 eo

314 2315 464 2387 tenore,
486 2315 545 2387 ut,
563 2297 592 2373 si
608 2297 700 2373 mihi
722 2297 920 2402 contigerit
936 2297 1022 2373 linis
1042 2326 1149 2374 meus
1170 2297 1209 2371 in
1230 2298 1365 2373 itinere
1380 2325 1457 2402 quo
1479 2324 1637 2405 pergere
1659 2298 1735 2376 dis-

314 2454 416 2534 pono
439 2428 478 2503 in
498 2426 669 2532 partibus
688 2430 826 2517 Rome,
846 2427 1024 2504 orationis
1044 2454 1168 2515 causa,
1193 2441 1236 2504 ut
1253 2427 1305 2503 ita
1330 2426 1520 2518 fecissent,
1548 2428 1646 2504 sicut
1664 2456 1733 2534 ego

315 2556 389 2634 illis
411 2556 597 2662 disposui,
619 2557 658 2631 in
680 2556 884 2633 elemosina
903 2554 1046 2643 meaet
1066 2556 1181 2660 patris
1194 2557 1271 2633 mei
1292 2573 1330 2632 et
1351 2556 1480 2633 matris
1502 2573 1540 2632 et
1559 2554 1627 2632 filii
1643 2555 1730 2633 mei.

315 2689 356 2763 ln
374 2687 504 2793 primis
520 2686 624 2762 illam
644 2687 893 2764 hereditatem
911 2685 951 2760 in
966 2684 1183 2783 Emhriaco,
1203 2687 1252 2761 ad
1272 2701 1440 2762 sanctum
1459 2685 1730 2769 Audomasum.

317 2818 362 2892 Et
385 2815 490 2890 illam
510 2816 550 2889 in
581 2815 798 2891 Curmontis
825 2832 863 2889 et
888 2815 927 2888 in
953 2813 1321 2921 Humbaldingahem
1339 2847 1347 2890 :
1368 2813 1479 2890 illum
1498 2831 1636 2918 puero,
1665 2841 1733 2917 pro

317 2944 546 3035 hereditate,
568 2942 798 3031 Guntherto,
820 2961 859 3019 et
874 2943 1058 3049 mancipia
1081 2970 1144 3034 xx,
1170 2944 1199 3019 sl
1223 2942 1423 3021 revertitur
1445 2941 1485 3018 in
1504 2942 1680 3048 patriam3
1703 2942 1731 3018 si

318 3098 394 3146 non
409 3073 567 3163 venerit,
584 3089 675 3148 tunc
688 3071 787 3148 illud
801 3074 839 3148 in
856 3073 1074 3149 Curmontis
1092 3073 1141 3148 ad
1154 3089 1324 3148 sanctum
1338 3072 1554 3161 Bertinum,
1573 3069 1621 3146 ad
1640 3096 1734 3176 opus

192 3200 195 3207 '
318 3197 491 3292 fratrum,
507 3202 546 3277 in
561 3228 645 3279 mea
659 3202 879 3292 elemosina,
896 3201 1000 3279 unde
1015 3201 1311 3280 consolationem
1331 3199 1496 3276 habeant
1510 3217 1608 3275 extra
1630 3198 1737 3277 dehi-

317 3348 398 3405 tum
418 3359 549 3420 suum3
575 3349 614 3409 ot
635 3331 764 3410 nullus
786 3331 901 3410 abhas
925 3349 1146 3437 potestatem
1173 3320 1310 3408 habeat
1333 3327 1411 3405 illis
1434 3328 1664 3417 abstrahere,
1692 3346 1735 3405 ut

319 3459 476 3537 offerant
490 3490 559 3572 pro
570 3491 631 3539 me
645 3480 683 3539 et
697 3460 777 3540 lilio
799 3479 836 3540 et
850 3480 953 3567 patre
969 3490 1055 3536 meo
1072 3460 1130 3536 vel
1144 3477 1278 3547 matre,
1294 3474 1332 3533 et
1347 3457 1475 3533 missas
1493 3456 1552 3532 vel
1570 3455 1734 3561 psalmos

318 3589 519 3668 celebrent.
536 3594 583 3667 Et
603 3592 819 3670 Everwinus
842 3606 880 3668 et
898 3590 1117 3675 Lothwinus
1136 3585 1220 3663 illas
1235 3614 1295 3664 res
1315 3585 1533 3690 prevideant
1552 3584 1733 3689 quicquid

318 3719 485 3798 laborare
498 3738 655 3826 possunt
669 3720 717 3794 ad
728 3747 825 3823 opus
840 3717 1013 3805 fratrum3
1030 3734 1114 3822 post
1128 3712 1243 3790 linem
1267 3714 1440 3809 illorum,
1462 3713 1528 3789 ille
1544 3712 1603 3787 cui
1628 3713 1735 3790 deca-

316 3878 389 3928 nus
404 3849 568 3959 jusserit.
585 3850 633 3926 Et
647 3874 773 3924 vaccas
785 3871 829 3936 x,
841 3844 1011 3923 berbicas
1025 3872 1064 3935 t,
1079 3871 1215 3950 porcos
1227 3868 1294 3930 xe,
1310 3841 1425 3919 hoves
1441 3867 1506 3918 mr.
1520 3842 1568 3917 Et
1583 3839 1681 3919 illud
1694 3842 1732 3918 in

318 3978 686 4088 Hnmhaldingahem
711 3976 821 4054 datur
838 3977 982 4053 Jedone
998 3974 1213 4080 propinquo
1232 3998 1332 4049 meo.
1354 3971 1395 4047 Si
1414 3970 1479 4048 ille
1498 3976 1596 4075 p'uer
1611 3998 1733 4049 rerer·

316 4117 421 4201 titur,
442 4108 578 4191 habeat
598 4126 691 4189 tunc
712 4106 811 4184 illud
835 4107 875 4182 in
895 4102 1196 4211 Hethenssbsrg3
1220 4100 1326 4178 illam
1344 4101 1593 4180 hereditatem
1620 4127 1732 4204 want

318 4238 461 4315 ibidem
478 4238 721 4345 comparavit,
740 4264 809 4342 per
826 4252 950 4313 totum
970 4232 1106 4311 habeat
1124 4232 1276 4338 Jejod03
1296 4231 1355 4308 sin
1374 4247 1519 4317 autem,
1540 4244 1632 4307 tunc
1646 4254 1734 4309 von·

320 4367 457 4444 dantur
475 4368 516 4443 in
538 4367 633 4444 meis
653 4365 893 4471 propinquis,
906 4379 946 4441 et
962 4363 1074 4440 datur
1089 4361 1256 4467 pretium
1277 4356 1512 4464 presbiteris,
1534 4373 1578 4435 ut
1603 4355 1733 4437 missas

320 4501 452 4571 mant
470 4522 539 4602 pro
557 4494 684 4585 nobis,
701 4514 739 4571 et
755 4497 868 4573 servis
890 4494 964 4572 Dei.
981 4509 1019 4570 et
1037 4491 1196 4581 ancillis,
1218 4506 1262 4570 ut
1276 4488 1435 4566 offerant
1454 4515 1523 4592 pro
1543 4484 1665 4569 nobis.
1685 4486 1734 4565 Et

319 4625 361 4701 in
383 4617 656 4734 Tathingahem
671 4623 793 4701 iillum
813 4625 1029 4713 mariscum,
1054 4639 1092 4699 et
1104 4621 1144 4696 in
1164 4620 1334 4725 Ganapc,
1356 4618 1484 4724 nepoti
1507 4644 1594 4695 meo
1617 4617 1733 4699 Hete-

323 4783 446 4848 mar03
474 4772 513 4832 et
541 4754 581 4831 in
605 4752 839 4832 Muldelhem
865 4754 912 4831 ad
935 4769 1105 4833 sanctum
1126 4748 1401 4839 Andomarum,
1424 4773 1493 4851 pro
1518 4744 1603 4823 loco
1629 4741 1732 4825 illius
