<?xml version="1.0" encoding="UTF-8"?>
<!DOCTYPE html PUBLIC "-//W3C//DTD XHTML 1.0 Transitional//EN"
    "http://www.w3.org/TR/xhtml1/DTD/xhtml1-transitional.dtd">
<html xmlns="http://www.w3.org/1999/xhtml" xml:lang="en" lang="en">
 <head>
  <title>
</title>
<meta http-equiv="Content-Type" content="text/html;charset=utf-8" />
  <meta name='ocr-system' content='tesseract 3.04.00' />
  <meta name='ocr-capabilities' content='ocr_page ocr_carea ocr_par ocr_line ocrx_word'/>
</head>
<body>
  <div class='ocr_page' id='page_1' title='image "./cartulairedelab00frangoog_0474.png"; bbox 0 0 4478 5842; ppageno 0'>
   <div class='ocr_carea' id='block_1_1' title="bbox 443 494 1714 593">
    <p class='ocr_par' dir='ltr' id='par_1_1' title="bbox 443 494 1714 593">
     <span class='ocr_line' id='line_1_1' title="bbox 443 494 1714 593; baseline -0.002 -25"><span class='ocrx_word' id='word_1_1' title='bbox 443 497 578 593; x_wconf 60' lang='lat' dir='ltr'>Pales.</span> <span class='ocrx_word' id='word_1_2' title='bbox 600 496 800 569; x_wconf 83' lang='lat' dir='ltr'><strong>TERTIA.</strong></span> <span class='ocrx_word' id='word_1_3' title='bbox 817 537 868 550; x_wconf 83' lang='lat'>-—</span> <span class='ocrx_word' id='word_1_4' title='bbox 886 494 1315 567; x_wconf 82' lang='lat' dir='ltr'>CONTINUATORES</span> <span class='ocrx_word' id='word_1_5' title='bbox 1342 495 1562 569; x_wconf 88' lang='lat' dir='ltr'><strong>SIMONIS.</strong></span> <span class='ocrx_word' id='word_1_6' title='bbox 1641 498 1714 569; x_wconf 75' lang='lat'>565</span> 
     </span>
    </p>
   </div>
   <div class='ocr_carea' id='block_1_2' title="bbox 258 635 1719 1023">
    <p class='ocr_par' dir='ltr' id='par_1_2' title="bbox 258 635 1719 1023">
     <span class='ocr_line' id='line_1_2' title="bbox 299 635 1717 744; baseline -0.001 -30"><span class='ocrx_word' id='word_1_7' title='bbox 299 636 523 730; x_wconf 82' lang='lat' dir='ltr'>stabilitum,</span> <span class='ocrx_word' id='word_1_8' title='bbox 550 637 613 714; x_wconf 83' lang='lat' dir='ltr'>&#39;die</span> <span class='ocrx_word' id='word_1_9' title='bbox 639 638 697 714; x_wconf 89' lang='lat' dir='ltr'>sui</span> <span class='ocrx_word' id='word_1_10' title='bbox 729 635 870 725; x_wconf 86' lang='lat' dir='ltr'>obitus,</span> <span class='ocrx_word' id='word_1_11' title='bbox 897 637 1030 744; x_wconf 85' lang='lat' dir='ltr'>quinto</span> <span class='ocrx_word' id='word_1_12' title='bbox 1056 635 1196 713; x_wconf 89' lang='lat' dir='ltr'>scilieet</span> <span class='ocrx_word' id='word_1_13' title='bbox 1218 663 1404 713; x_wconf 86' lang='lat' dir='ltr'>nonarum</span> <span class='ocrx_word' id='word_1_14' title='bbox 1432 638 1567 714; x_wconf 90' lang='lat' dir='ltr'>martii.</span> <span class='ocrx_word' id='word_1_15' title='bbox 1598 637 1717 743; x_wconf 87' lang='lat' dir='ltr'>Cujus</span> 
     </span>
     <span class='ocr_line' id='line_1_3' title="bbox 258 752 1719 876; baseline 0 -34"><span class='ocrx_word' id='word_1_16' title='bbox 258 784 261 789; x_wconf 82' lang='grc'>’</span> <span class='ocrx_word' id='word_1_17' title='bbox 299 769 422 844; x_wconf 83' lang='lat' dir='ltr'>anima</span> <span class='ocrx_word' id='word_1_18' title='bbox 444 786 624 874; x_wconf 88' lang='lat' dir='ltr'>preventu</span> <span class='ocrx_word' id='word_1_19' title='bbox 648 766 901 855; x_wconf 78' lang='lat' dir='ltr'>mortalitatis,</span> <span class='ocrx_word' id='word_1_20' title='bbox 924 752 1082 876; x_wconf 72' lang='lat' dir='ltr'>dignum</span> <span class='ocrx_word' id='word_1_21' title='bbox 1108 767 1321 873; x_wconf 79' lang='lat' dir='ltr'>penitencie</span> <span class='ocrx_word' id='word_1_22' title='bbox 1345 767 1510 847; x_wconf 82' lang='lat' dir='ltr'>fructum</span> <span class='ocrx_word' id='word_1_23' title='bbox 1532 794 1608 845; x_wconf 90' lang='lat' dir='ltr'>non</span> <span class='ocrx_word' id='word_1_24' title='bbox 1635 795 1719 874; x_wconf 88' lang='lat' dir='ltr'>per-</span> 
     </span>
     <span class='ocr_line' id='line_1_4' title="bbox 300 897 1551 1023; baseline 0.001 -50"><span class='ocrx_word' id='word_1_25' title='bbox 300 897 381 988; x_wconf 85' lang='lat' dir='ltr'>dat,</span> <span class='ocrx_word' id='word_1_26' title='bbox 404 898 470 975; x_wconf 90' lang='lat' dir='ltr'>sed</span> <span class='ocrx_word' id='word_1_27' title='bbox 489 926 558 1003; x_wconf 89' lang='lat' dir='ltr'>per</span> <span class='ocrx_word' id='word_1_28' title='bbox 576 898 869 1023; x_wconf 71' lang='lat' dir='ltr'>misericordiam</span> <span class='ocrx_word' id='word_1_29' title='bbox 887 899 957 975; x_wconf 88' lang='lat' dir='ltr'>Dei</span> <span class='ocrx_word' id='word_1_30' title='bbox 978 899 1016 974; x_wconf 90' lang='lat' dir='ltr'>in</span> <span class='ocrx_word' id='word_1_31' title='bbox 1036 925 1125 1004; x_wconf 88' lang='lat' dir='ltr'>pace</span> <span class='ocrx_word' id='word_1_32' title='bbox 1145 899 1364 1003; x_wconf 86' lang='lat' dir='ltr'>requiescat.</span> <span class='ocrx_word' id='word_1_33' title='bbox 1388 898 1519 976; x_wconf 90' lang='lat' dir='ltr'>Amen.</span> <span class='ocrx_word' id='word_1_34' title='bbox 1539 937 1551 966; x_wconf 68' lang='grc' dir='ltr'><strong>υ</strong></span> 
     </span>
    </p>
   </div>
   <div class='ocr_carea' id='block_1_3' title="bbox 936 1168 1087 1244">
    <p class='ocr_par' dir='ltr' id='par_1_3' title="bbox 936 1168 1087 1244">
     <span class='ocr_line' id='line_1_5' title="bbox 936 1168 1087 1244; baseline 0.026 -4"><span class='ocrx_word' id='word_1_35' title='bbox 936 1168 1087 1244; x_wconf 84' lang='lat' dir='ltr'><strong>XLIX.</strong></span> 
     </span>
    </p>
   </div>
   <div class='ocr_carea' id='block_1_4' title="bbox 698 1349 1329 1394">
    <p class='ocr_par' dir='ltr' id='par_1_4' title="bbox 698 1349 1329 1394">
     <span class='ocr_line' id='line_1_6' title="bbox 698 1349 1329 1394; baseline -0.005 -1"><span class='ocrx_word' id='word_1_36' title='bbox 698 1353 787 1394; x_wconf 76' lang='lat' dir='ltr'>struo</span> <span class='ocrx_word' id='word_1_37' title='bbox 810 1349 1003 1393; x_wconf 72' lang='lat' dir='ltr'>entvttsowtt</span> <span class='ocrx_word' id='word_1_38' title='bbox 1028 1350 1106 1392; x_wconf 79' lang='lat' dir='ltr'>tucn</span> <span class='ocrx_word' id='word_1_39' title='bbox 1130 1350 1201 1391; x_wconf 74' lang='lat' dir='ltr'>Pare</span> <span class='ocrx_word' id='word_1_40' title='bbox 1222 1351 1329 1392; x_wconf 73' lang='lat' dir='ltr'>renen.</span> 
     </span>
    </p>
   </div>
   <div class='ocr_carea' id='block_1_5' title="bbox 189 1545 1737 1788">
    <p class='ocr_par' dir='ltr' id='par_1_5' title="bbox 189 1545 1737 1788">
     <span class='ocr_line' id='line_1_7' title="bbox 360 1545 1737 1656; baseline -0.001 -28"><span class='ocrx_word' id='word_1_41' title='bbox 360 1548 521 1628; x_wconf 89' lang='lat' dir='ltr'>Biennio</span> <span class='ocrx_word' id='word_1_42' title='bbox 540 1575 655 1654; x_wconf 84' lang='lat' dir='ltr'>quam</span> <span class='ocrx_word' id='word_1_43' title='bbox 679 1549 782 1653; x_wconf 92' lang='lat' dir='ltr'>prius</span> <span class='ocrx_word' id='word_1_44' title='bbox 805 1564 1035 1625; x_wconf 88' lang='lat' dir='ltr'>memoratus</span> <span class='ocrx_word' id='word_1_45' title='bbox 1058 1545 1172 1624; x_wconf 81' lang='lat' dir='ltr'>abbas</span> <span class='ocrx_word' id='word_1_46' title='bbox 1187 1547 1377 1652; x_wconf 67' lang='lat' dir='ltr'>&#39;prelature</span> <span class='ocrx_word' id='word_1_47' title='bbox 1396 1548 1562 1641; x_wconf 90' lang='lat' dir='ltr'>cederet,</span> <span class='ocrx_word' id='word_1_48' title='bbox 1582 1551 1737 1656; x_wconf 64' lang='lat' dir='ltr'>accepit*</span> 
     </span>
     <span class='ocr_line' id='line_1_8' title="bbox 189 1677 1723 1788; baseline 0 -31"><span class='ocrx_word' id='word_1_49' title='bbox 189 1719 196 1733; x_wconf 77' lang='lat'>=</span> <span class='ocrx_word' id='word_1_50' title='bbox 223 1744 231 1767; x_wconf 88' lang='lat'>,</span> <span class='ocrx_word' id='word_1_51' title='bbox 304 1680 542 1788; x_wconf 85' lang='lat' dir='ltr'>privilegium</span> <span class='ocrx_word' id='word_1_52' title='bbox 562 1708 582 1755; x_wconf 83' lang='lat' dir='ltr'>a</span> <span class='ocrx_word' id='word_1_53' title='bbox 600 1678 716 1755; x_wconf 88' lang='lat' dir='ltr'>Lucio</span> <span class='ocrx_word' id='word_1_54' title='bbox 728 1678 845 1755; x_wconf 90' lang='lat' dir='ltr'>tercio</span> <span class='ocrx_word' id='word_1_55' title='bbox 862 1704 977 1785; x_wconf 87' lang='lat' dir='ltr'>papa,</span> <span class='ocrx_word' id='word_1_56' title='bbox 996 1677 1035 1753; x_wconf 94' lang='lat' dir='ltr'>in</span> <span class='ocrx_word' id='word_1_57' title='bbox 1052 1696 1129 1783; x_wconf 85' lang='lat' dir='ltr'>quo</span> <span class='ocrx_word' id='word_1_58' title='bbox 1147 1677 1362 1754; x_wconf 81' lang='lat' dir='ltr'>continetur</span> <span class='ocrx_word' id='word_1_59' title='bbox 1379 1677 1530 1756; x_wconf 84' lang='lat' dir='ltr'>libertas</span> <span class='ocrx_word' id='word_1_60' title='bbox 1550 1679 1723 1771; x_wconf 78' lang='lat' dir='ltr'>ecclesie3</span> 
     </span>
    </p>
   </div>
   <div class='ocr_carea' id='block_1_6' title="bbox 305 1807 1826 1918">
    <p class='ocr_par' dir='ltr' id='par_1_6' title="bbox 305 1807 1826 1918">
     <span class='ocr_line' id='line_1_9' title="bbox 305 1807 1826 1918; baseline 0.002 -33"><span class='ocrx_word' id='word_1_61' title='bbox 305 1826 344 1886; x_wconf 90' lang='lat' dir='ltr'>et</span> <span class='ocrx_word' id='word_1_62' title='bbox 360 1826 403 1888; x_wconf 90' lang='lat' dir='ltr'>ut</span> <span class='ocrx_word' id='word_1_63' title='bbox 421 1809 548 1885; x_wconf 89' lang='lat' dir='ltr'>nullus</span> <span class='ocrx_word' id='word_1_64' title='bbox 565 1809 604 1885; x_wconf 93' lang='lat' dir='ltr'>in</span> <span class='ocrx_word' id='word_1_65' title='bbox 622 1808 809 1915; x_wconf 89' lang='lat' dir='ltr'>parochiis</span> <span class='ocrx_word' id='word_1_66' title='bbox 826 1808 962 1886; x_wconf 90' lang='lat' dir='ltr'>nostris</span> <span class='ocrx_word' id='word_1_67' title='bbox 979 1807 1174 1884; x_wconf 85' lang='lat' dir='ltr'>ecclesiam</span> <span class='ocrx_word' id='word_1_68' title='bbox 1195 1807 1255 1884; x_wconf 91' lang='lat' dir='ltr'>vel</span> <span class='ocrx_word' id='word_1_69' title='bbox 1273 1809 1565 1900; x_wconf 88' lang='lat' dir='ltr'>monasterium,</span> <span class='ocrx_word' id='word_1_70' title='bbox 1585 1810 1724 1918; x_wconf 85' lang='lat' dir='ltr'>absque</span> <span class='ocrx_word' id='word_1_71' title='bbox 1768 1814 1771 1819; x_wconf 64' lang='grc'><strong>“</strong></span> <span class='ocrx_word' id='word_1_72' title='bbox 1824 1842 1826 1846; x_wconf 51' lang='lat'><em>⁴</em></span> 
     </span>
    </p>
   </div>
   <div class='ocr_carea' id='block_1_7' title="bbox 307 1937 1729 2959">
    <p class='ocr_par' dir='ltr' id='par_1_7' title="bbox 307 1937 1729 2959">
     <span class='ocr_line' id='line_1_10' title="bbox 309 1937 1725 2046; baseline 0.002 -31"><span class='ocrx_word' id='word_1_73' title='bbox 309 1955 439 2017; x_wconf 88' lang='lat' dir='ltr'>nostro</span> <span class='ocrx_word' id='word_1_74' title='bbox 470 1938 850 2046; x_wconf 20' lang='lat' dir='ltr'>armenem-edificare</span> <span class='ocrx_word' id='word_1_75' title='bbox 873 1937 933 2014; x_wconf 91' lang='lat' dir='ltr'>vel</span> <span class='ocrx_word' id='word_1_76' title='bbox 959 1937 1176 2018; x_wconf 86' lang='lat' dir='ltr'>edificatum</span> <span class='ocrx_word' id='word_1_77' title='bbox 1205 1954 1334 2014; x_wconf 88' lang='lat' dir='ltr'>tenere</span> <span class='ocrx_word' id='word_1_78' title='bbox 1366 1956 1577 2044; x_wconf 81' lang='lat' dir='ltr'>presumat,</span> <span class='ocrx_word' id='word_1_79' title='bbox 1608 1958 1646 2018; x_wconf 91' lang='lat' dir='ltr'>et</span> <span class='ocrx_word' id='word_1_80' title='bbox 1677 1941 1725 2018; x_wconf 91' lang='lat' dir='ltr'>de</span> 
     </span>
     <span class='ocr_line' id='line_1_11' title="bbox 307 2066 1723 2176; baseline 0.001 -29"><span class='ocrx_word' id='word_1_81' title='bbox 307 2070 485 2147; x_wconf 89' lang='lat' dir='ltr'>omnibus</span> <span class='ocrx_word' id='word_1_82' title='bbox 506 2069 616 2146; x_wconf 88' lang='lat' dir='ltr'>terris</span> <span class='ocrx_word' id='word_1_83' title='bbox 641 2071 839 2147; x_wconf 88' lang='lat' dir='ltr'>comitatus</span> <span class='ocrx_word' id='word_1_84' title='bbox 862 2068 1182 2176; x_wconf 71' lang='lat' dir='ltr'>Btoucburgensis</span> <span class='ocrx_word' id='word_1_85' title='bbox 1209 2067 1302 2144; x_wconf 89' lang='lat' dir='ltr'>duas</span> <span class='ocrx_word' id='word_1_86' title='bbox 1325 2068 1455 2175; x_wconf 83' lang='lat' dir='ltr'>garbas</span> <span class='ocrx_word' id='word_1_87' title='bbox 1481 2066 1647 2161; x_wconf 88' lang='lat' dir='ltr'>decime,</span> <span class='ocrx_word' id='word_1_88' title='bbox 1676 2073 1723 2149; x_wconf 91' lang='lat' dir='ltr'>de</span> 
     </span>
     <span class='ocr_line' id='line_1_12' title="bbox 307 2176 1727 2308; baseline -0.001 -29"><span class='ocrx_word' id='word_1_89' title='bbox 307 2200 486 2279; x_wconf 84' lang='lat' dir='ltr'>omnibus</span> <span class='ocrx_word' id='word_1_90' title='bbox 512 2176 722 2308; x_wconf 88' lang='lat' dir='ltr'>berquariis</span> <span class='ocrx_word' id='word_1_91' title='bbox 752 2217 864 2308; x_wconf 83' lang='lat' dir='ltr'>atque</span> <span class='ocrx_word' id='word_1_92' title='bbox 884 2200 1055 2277; x_wconf 82' lang='lat' dir='ltr'>vaccariis</span> <span class='ocrx_word' id='word_1_93' title='bbox 1084 2198 1237 2306; x_wconf 86' lang='lat' dir='ltr'>plenam</span> <span class='ocrx_word' id='word_1_94' title='bbox 1266 2196 1554 2276; x_wconf 85' lang='lat' dir='ltr'>decimationem</span> <span class='ocrx_word' id='word_1_95' title='bbox 1587 2201 1727 2278; x_wconf 88' lang='lat' dir='ltr'>habere</span> 
     </span>
     <span class='ocr_line' id='line_1_13' title="bbox 308 2327 1728 2437; baseline 0 -31"><span class='ocrx_word' id='word_1_96' title='bbox 308 2330 494 2420; x_wconf 72' lang='lat' dir='ltr'>decernit,</span> <span class='ocrx_word' id='word_1_97' title='bbox 512 2331 551 2405; x_wconf 91' lang='lat' dir='ltr'>in</span> <span class='ocrx_word' id='word_1_98' title='bbox 564 2328 792 2408; x_wconf 89' lang='lat' dir='ltr'>Tomaoensi</span> <span class='ocrx_word' id='word_1_99' title='bbox 811 2331 1038 2437; x_wconf 82' lang='lat' dir='ltr'>episcopatu,</span> <span class='ocrx_word' id='word_1_100' title='bbox 1055 2329 1169 2407; x_wconf 88' lang='lat' dir='ltr'>altere</span> <span class='ocrx_word' id='word_1_101' title='bbox 1183 2328 1230 2405; x_wconf 91' lang='lat' dir='ltr'>de</span> <span class='ocrx_word' id='word_1_102' title='bbox 1246 2327 1425 2406; x_wconf 85' lang='lat' dir='ltr'>Runbeka</span> <span class='ocrx_word' id='word_1_103' title='bbox 1436 2328 1633 2407; x_wconf 84' lang='lat' dir='ltr'>libemma</span> <span class='ocrx_word' id='word_1_104' title='bbox 1650 2358 1728 2437; x_wconf 89' lang='lat' dir='ltr'>per-</span> 
     </span>
     <span class='ocr_line' id='line_1_14' title="bbox 307 2456 1729 2569; baseline 0 -32"><span class='ocrx_word' id='word_1_105' title='bbox 307 2477 461 2549; x_wconf 85' lang='lat' dir='ltr'>sonatu,</span> <span class='ocrx_word' id='word_1_106' title='bbox 486 2460 593 2538; x_wconf 85' lang='lat' dir='ltr'>salvis</span> <span class='ocrx_word' id='word_1_107' title='bbox 620 2456 833 2537; x_wconf 88' lang='lat' dir='ltr'>redditibus</span> <span class='ocrx_word' id='word_1_108' title='bbox 856 2459 1147 2569; x_wconf 84' lang='lat' dir='ltr'>episcopalibus;</span> <span class='ocrx_word' id='word_1_109' title='bbox 1165 2460 1257 2536; x_wconf 92' lang='lat' dir='ltr'>item</span> <span class='ocrx_word' id='word_1_110' title='bbox 1276 2476 1319 2536; x_wconf 88' lang='lat' dir='ltr'>nt</span> <span class='ocrx_word' id='word_1_111' title='bbox 1335 2458 1489 2536; x_wconf 85' lang='lat' dir='ltr'>terciam</span> <span class='ocrx_word' id='word_1_112' title='bbox 1508 2477 1652 2567; x_wconf 86' lang='lat' dir='ltr'>partem</span> <span class='ocrx_word' id='word_1_113' title='bbox 1675 2460 1729 2537; x_wconf 88' lang='lat' dir='ltr'>al-</span> 
     </span>
     <span class='ocr_line' id='line_1_15' title="bbox 308 2588 1727 2696; baseline 0 -29"><span class='ocrx_word' id='word_1_114' title='bbox 308 2590 440 2667; x_wconf 91' lang='lat' dir='ltr'>letium</span> <span class='ocrx_word' id='word_1_115' title='bbox 458 2591 699 2694; x_wconf 88' lang='lat' dir='ltr'>recipiamus,</span> <span class='ocrx_word' id='word_1_116' title='bbox 718 2608 757 2668; x_wconf 91' lang='lat' dir='ltr'>et</span> <span class='ocrx_word' id='word_1_117' title='bbox 774 2589 1007 2696; x_wconf 83' lang='lat' dir='ltr'>sepulturam</span> <span class='ocrx_word' id='word_1_118' title='bbox 1035 2589 1216 2667; x_wconf 91' lang='lat' dir='ltr'>omnibus</span> <span class='ocrx_word' id='word_1_119' title='bbox 1244 2588 1395 2694; x_wconf 89' lang='lat' dir='ltr'>sepeliri</span> <span class='ocrx_word' id='word_1_120' title='bbox 1415 2588 1454 2663; x_wconf 90' lang='lat' dir='ltr'>in</span> <span class='ocrx_word' id='word_1_121' title='bbox 1476 2590 1549 2666; x_wconf 94' lang='lat' dir='ltr'>hoc</span> <span class='ocrx_word' id='word_1_122' title='bbox 1568 2591 1727 2668; x_wconf 84' lang='lat' dir='ltr'>cenobio</span> 
     </span>
     <span class='ocr_line' id='line_1_16' title="bbox 309 2720 1727 2826; baseline 0.001 -30"><span class='ocrx_word' id='word_1_123' title='bbox 309 2721 547 2825; x_wconf 89' lang='lat' dir='ltr'>cupientibus</span> <span class='ocrx_word' id='word_1_124' title='bbox 574 2720 752 2813; x_wconf 84' lang='lat' dir='ltr'>liberam,</span> <span class='ocrx_word' id='word_1_125' title='bbox 780 2720 942 2826; x_wconf 91' lang='lat' dir='ltr'>demptis</span> <span class='ocrx_word' id='word_1_126' title='bbox 967 2720 1309 2798; x_wconf 83' lang='lat' dir='ltr'>excommunicatis.</span> <span class='ocrx_word' id='word_1_127' title='bbox 1333 2722 1487 2798; x_wconf 90' lang='lat' dir='ltr'>Necnon</span> <span class='ocrx_word' id='word_1_128' title='bbox 1520 2720 1590 2798; x_wconf 92' lang='lat' dir='ltr'>alia</span> <span class='ocrx_word' id='word_1_129' title='bbox 1618 2722 1727 2800; x_wconf 94' lang='lat' dir='ltr'>nobis</span> 
     </span>
     <span class='ocr_line' id='line_1_17' title="bbox 310 2849 1463 2959; baseline 0 -33"><span class='ocrx_word' id='word_1_130' title='bbox 310 2850 521 2939; x_wconf 86' lang='lat' dir='ltr'>confirmat,</span> <span class='ocrx_word' id='word_1_131' title='bbox 542 2851 648 2957; x_wconf 90' lang='lat' dir='ltr'>cujus</span> <span class='ocrx_word' id='word_1_132' title='bbox 665 2850 849 2959; x_wconf 86' lang='lat' dir='ltr'>privilegii</span> <span class='ocrx_word' id='word_1_133' title='bbox 869 2866 991 2927; x_wconf 88' lang='lat' dir='ltr'>textus</span> <span class='ocrx_word' id='word_1_134' title='bbox 1009 2850 1170 2927; x_wconf 90' lang='lat' dir='ltr'>habetur</span> <span class='ocrx_word' id='word_1_135' title='bbox 1187 2851 1226 2926; x_wconf 93' lang='lat' dir='ltr'>in</span> <span class='ocrx_word' id='word_1_136' title='bbox 1244 2850 1313 2926; x_wconf 88' lang='lat' dir='ltr'>hac</span> <span class='ocrx_word' id='word_1_137' title='bbox 1331 2849 1463 2926; x_wconf 84' lang='lat' dir='ltr'>forma.</span> 
     </span>
    </p>
   </div>
   <div class='ocr_carea' id='block_1_8' title="bbox 1000 3126 1043 3200">
    <p class='ocr_par' dir='ltr' id='par_1_8' title="bbox 1000 3126 1043 3200">
     <span class='ocr_line' id='line_1_18' title="bbox 1000 3126 1043 3200; baseline 0.023 -1"><span class='ocrx_word' id='word_1_138' title='bbox 1000 3126 1043 3200; x_wconf 90' lang='lat' dir='ltr'>L.</span> 
     </span>
    </p>
   </div>
   <div class='ocr_carea' id='block_1_9' title="bbox 849 3327 1191 3371">
    <p class='ocr_par' dir='ltr' id='par_1_9' title="bbox 849 3327 1191 3371">
     <span class='ocr_line' id='line_1_19' title="bbox 849 3327 1191 3371; baseline 0 -2"><span class='ocrx_word' id='word_1_139' title='bbox 849 3328 1001 3369; x_wconf 73' lang='lat' dir='ltr'>uertente</span> <span class='ocrx_word' id='word_1_140' title='bbox 1024 3327 1191 3371; x_wconf 74' lang='lat' dir='ltr'>enittteon.</span> 
     </span>
    </p>
   </div>
   <div class='ocr_carea' id='block_1_10' title="bbox 310 3502 1733 3872">
    <p class='ocr_par' dir='ltr' id='par_1_10' title="bbox 310 3502 1733 3872">
     <span class='ocr_line' id='line_1_20' title="bbox 368 3502 1730 3611; baseline 0 -31"><span class='ocrx_word' id='word_1_141' title='bbox 368 3505 546 3594; x_wconf 76' lang='lat' dir='ltr'>«Lucius,</span> <span class='ocrx_word' id='word_1_142' title='bbox 571 3506 782 3611; x_wconf 87' lang='lat' dir='ltr'>episeopus,</span> <span class='ocrx_word' id='word_1_143' title='bbox 807 3534 934 3584; x_wconf 91' lang='lat' dir='ltr'>servus</span> <span class='ocrx_word' id='word_1_144' title='bbox 957 3532 1149 3583; x_wconf 90' lang='lat' dir='ltr'>servorum</span> <span class='ocrx_word' id='word_1_145' title='bbox 1173 3504 1261 3593; x_wconf 92' lang='lat' dir='ltr'>Dei,</span> <span class='ocrx_word' id='word_1_146' title='bbox 1283 3502 1429 3581; x_wconf 91' lang='lat' dir='ltr'>dilectis</span> <span class='ocrx_word' id='word_1_147' title='bbox 1454 3504 1542 3583; x_wconf 86' lang='lat' dir='ltr'>filiis</span> <span class='ocrx_word' id='word_1_148' title='bbox 1560 3505 1730 3593; x_wconf 88' lang='lat' dir='ltr'>Simoni,</span> 
     </span>
     <span class='ocr_line' id='line_1_21' title="bbox 311 3631 1733 3742; baseline 0 -29"><span class='ocrx_word' id='word_1_149' title='bbox 311 3635 435 3713; x_wconf 87' lang='lat' dir='ltr'>abbati</span> <span class='ocrx_word' id='word_1_150' title='bbox 453 3637 669 3712; x_wconf 90' lang='lat' dir='ltr'>monasterii</span> <span class='ocrx_word' id='word_1_151' title='bbox 693 3637 808 3712; x_wconf 88' lang='lat' dir='ltr'>sancti</span> <span class='ocrx_word' id='word_1_152' title='bbox 824 3634 985 3727; x_wconf 79' lang='lat' dir='ltr'>bertini,</span> <span class='ocrx_word' id='word_1_153' title='bbox 1005 3636 1160 3742; x_wconf 88' lang='lat' dir='ltr'>ejusque</span> <span class='ocrx_word' id='word_1_154' title='bbox 1178 3631 1373 3722; x_wconf 86' lang='lat' dir='ltr'>fratribus,</span> <span class='ocrx_word' id='word_1_155' title='bbox 1398 3651 1475 3710; x_wconf 86' lang='lat' dir='ltr'>tam</span> <span class='ocrx_word' id='word_1_156' title='bbox 1493 3637 1733 3739; x_wconf 81' lang='lat' dir='ltr'>presentibus</span> 
     </span>
     <span class='ocr_line' id='line_1_22' title="bbox 310 3762 1732 3872; baseline 0.001 -30"><span class='ocrx_word' id='word_1_157' title='bbox 310 3792 424 3872; x_wconf 85' lang='lat' dir='ltr'>quam</span> <span class='ocrx_word' id='word_1_158' title='bbox 437 3763 589 3855; x_wconf 85' lang='lat' dir='ltr'>suturis,</span> <span class='ocrx_word' id='word_1_159' title='bbox 607 3764 850 3842; x_wconf 86' lang='lat' dir='ltr'>monasticam</span> <span class='ocrx_word' id='word_1_160' title='bbox 864 3765 978 3842; x_wconf 86' lang='lat' dir='ltr'>vitam</span> <span class='ocrx_word' id='word_1_161' title='bbox 990 3762 1167 3870; x_wconf 82' lang='lat' dir='ltr'>professis</span> <span class='ocrx_word' id='word_1_162' title='bbox 1181 3763 1475 3870; x_wconf 89' lang='lat' dir='ltr'>imperpetuum.</span> <span class='ocrx_word' id='word_1_163' title='bbox 1491 3765 1533 3842; x_wconf 93' lang='lat' dir='ltr'>ln</span> <span class='ocrx_word' id='word_1_164' title='bbox 1549 3766 1732 3843; x_wconf 91' lang='lat' dir='ltr'>eminenti</span> 
     </span>
    </p>
   </div>
   <div class='ocr_carea' id='block_1_11' title="bbox 312 3892 1737 4001">
    <p class='ocr_par' dir='ltr' id='par_1_11' title="bbox 312 3892 1737 4001">
     <span class='ocr_line' id='line_1_23' title="bbox 312 3892 1737 4001; baseline 0.001 -31"><span class='ocrx_word' id='word_1_165' title='bbox 312 3893 513 4001; x_wconf 88' lang='lat' dir='ltr'>apostolice</span> <span class='ocrx_word' id='word_1_166' title='bbox 528 3892 627 3972; x_wconf 89' lang='lat' dir='ltr'>sedis</span> <span class='ocrx_word' id='word_1_167' title='bbox 639 3893 801 4000; x_wconf 88' lang='lat' dir='ltr'>specula,</span> <span class='ocrx_word' id='word_1_168' title='bbox 819 3894 1044 4000; x_wconf 87' lang='lat' dir='ltr'>disponente</span> <span class='ocrx_word' id='word_1_169' title='bbox 1059 3895 1238 3986; x_wconf 88' lang='lat' dir='ltr'>Domino,</span> <span class='ocrx_word' id='word_1_170' title='bbox 1256 3895 1466 3985; x_wconf 88' lang='lat' dir='ltr'>constituti,</span> <span class='ocrx_word' id='word_1_171' title='bbox 1481 3896 1578 3973; x_wconf 84' lang='lat' dir='ltr'>sicut</span> <span class='ocrx_word' id='word_1_172' title='bbox 1592 3896 1737 3974; x_wconf 79' lang='lat' dir='ltr'>imitari·</span> 
     </span>
    </p>
   </div>
   <div class='ocr_carea' id='block_1_12' title="bbox 311 4022 1736 4788">
    <p class='ocr_par' dir='ltr' id='par_1_12' title="bbox 311 4022 1736 4788">
     <span class='ocr_line' id='line_1_24' title="bbox 313 4022 1735 4132; baseline 0.004 -33"><span class='ocrx_word' id='word_1_173' title='bbox 313 4025 595 4129; x_wconf 89' lang='lat' dir='ltr'>predecessores</span> <span class='ocrx_word' id='word_1_174' title='bbox 622 4039 769 4101; x_wconf 86' lang='lat' dir='ltr'>nostros</span> <span class='ocrx_word' id='word_1_175' title='bbox 793 4023 963 4102; x_wconf 88' lang='lat' dir='ltr'>inbonis</span> <span class='ocrx_word' id='word_1_176' title='bbox 988 4022 1174 4102; x_wconf 90' lang='lat' dir='ltr'>debemus</span> <span class='ocrx_word' id='word_1_177' title='bbox 1194 4024 1391 4132; x_wconf 87' lang='lat' dir='ltr'>operibus,</span> <span class='ocrx_word' id='word_1_178' title='bbox 1413 4025 1466 4102; x_wconf 92' lang='lat' dir='ltr'>sic</span> <span class='ocrx_word' id='word_1_179' title='bbox 1493 4026 1609 4102; x_wconf 87' lang='lat' dir='ltr'>eciam</span> <span class='ocrx_word' id='word_1_180' title='bbox 1631 4056 1735 4105; x_wconf 90' lang='lat' dir='ltr'>sum-</span> 
     </span>
     <span class='ocr_line' id='line_1_25' title="bbox 313 4152 1733 4263; baseline 0.003 -33"><span class='ocrx_word' id='word_1_181' title='bbox 313 4179 412 4230; x_wconf 82' lang='lat' dir='ltr'>mam</span> <span class='ocrx_word' id='word_1_182' title='bbox 432 4181 560 4232; x_wconf 87' lang='lat' dir='ltr'>curam</span> <span class='ocrx_word' id='word_1_183' title='bbox 577 4152 758 4231; x_wconf 90' lang='lat' dir='ltr'>adhibere</span> <span class='ocrx_word' id='word_1_184' title='bbox 783 4176 853 4232; x_wconf 88' lang='lat' dir='ltr'>nos</span> <span class='ocrx_word' id='word_1_185' title='bbox 872 4152 1062 4246; x_wconf 89' lang='lat' dir='ltr'>convenit,</span> <span class='ocrx_word' id='word_1_186' title='bbox 1081 4181 1130 4232; x_wconf 90' lang='lat' dir='ltr'>ne</span> <span class='ocrx_word' id='word_1_187' title='bbox 1148 4154 1254 4262; x_wconf 90' lang='lat' dir='ltr'>quod</span> <span class='ocrx_word' id='word_1_188' title='bbox 1271 4154 1317 4230; x_wconf 90' lang='lat' dir='ltr'>ab</span> <span class='ocrx_word' id='word_1_189' title='bbox 1334 4155 1423 4261; x_wconf 87' lang='lat' dir='ltr'>ipsis</span> <span class='ocrx_word' id='word_1_190' title='bbox 1441 4155 1501 4261; x_wconf 80' lang='lat' dir='ltr'>pia</span> <span class='ocrx_word' id='word_1_191' title='bbox 1518 4154 1633 4233; x_wconf 86' lang='lat' dir='ltr'>luerit</span> <span class='ocrx_word' id='word_1_192' title='bbox 1650 4184 1733 4263; x_wconf 90' lang='lat' dir='ltr'>pro-</span> 
     </span>
     <span class='ocr_line' id='line_1_26' title="bbox 311 4282 1734 4395; baseline 0.004 -35"><span class='ocrx_word' id='word_1_193' title='bbox 311 4284 453 4362; x_wconf 84' lang='lat' dir='ltr'>visione</span> <span class='ocrx_word' id='word_1_194' title='bbox 471 4300 669 4376; x_wconf 89' lang='lat' dir='ltr'>statutum,</span> <span class='ocrx_word' id='word_1_195' title='bbox 684 4282 809 4374; x_wconf 88' lang='lat' dir='ltr'>nobis,</span> <span class='ocrx_word' id='word_1_196' title='bbox 829 4285 934 4391; x_wconf 93' lang='lat' dir='ltr'>quod</span> <span class='ocrx_word' id='word_1_197' title='bbox 948 4302 1086 4363; x_wconf 88' lang='lat' dir='ltr'>avertat</span> <span class='ocrx_word' id='word_1_198' title='bbox 1099 4285 1613 4393; x_wconf 83' lang='lat' dir='ltr'>Dominus,·negligentibus,</span> <span class='ocrx_word' id='word_1_199' title='bbox 1638 4314 1734 4395; x_wconf 89' lang='lat' dir='ltr'>quo-</span> 
     </span>
     <span class='ocr_line' id='line_1_27' title="bbox 313 4414 1734 4551; baseline 0.004 -61"><span class='ocrx_word' id='word_1_200' title='bbox 313 4414 494 4491; x_wconf 88' lang='lat' dir='ltr'>rumlibet</span> <span class='ocrx_word' id='word_1_201' title='bbox 512 4414 631 4491; x_wconf 87' lang='lat' dir='ltr'>valeat</span> <span class='ocrx_word' id='word_1_202' title='bbox 651 4415 879 4523; x_wconf 91' lang='lat' dir='ltr'>impulsione</span> <span class='ocrx_word' id='word_1_203' title='bbox 906 4415 1062 4492; x_wconf 86' lang='lat' dir='ltr'>turbari.</span> <span class='ocrx_word' id='word_1_204' title='bbox 1091 4417 1316 4551; x_wconf 82' lang='lat' dir='ltr'>Eapropter,</span> <span class='ocrx_word' id='word_1_205' title='bbox 1347 4414 1475 4493; x_wconf 90' lang='lat' dir='ltr'>dilecti</span> <span class='ocrx_word' id='word_1_206' title='bbox 1504 4416 1542 4492; x_wconf 92' lang='lat' dir='ltr'>in</span> <span class='ocrx_word' id='word_1_207' title='bbox 1567 4418 1734 4497; x_wconf 92' lang='lat' dir='ltr'>Domino</span> 
     </span>
     <span class='ocr_line' id='line_1_28' title="bbox 313 4536 1736 4653; baseline 0.005 -34"><span class='ocrx_word' id='word_1_208' title='bbox 313 4540 399 4634; x_wconf 83' lang='lat' dir='ltr'>filii,</span> <span class='ocrx_word' id='word_1_209' title='bbox 427 4544 656 4622; x_wconf 91' lang='lat' dir='ltr'>decisionem</span> <span class='ocrx_word' id='word_1_210' title='bbox 683 4547 952 4636; x_wconf 81' lang='lat' dir='ltr'>controversie,</span> <span class='ocrx_word' id='word_1_211' title='bbox 979 4547 1179 4653; x_wconf 84' lang='lat' dir='ltr'>quainter</span> <span class='ocrx_word' id='word_1_212' title='bbox 1206 4536 1476 4624; x_wconf 86' lang='lat' dir='ltr'>monasterium</span> <span class='ocrx_word' id='word_1_213' title='bbox 1504 4564 1668 4629; x_wconf 71' lang='lat' dir='ltr'>vestrum</span> <span class='ocrx_word' id='word_1_214' title='bbox 1699 4568 1736 4626; x_wconf 90' lang='lat' dir='ltr'>et</span> 
     </span>
     <span class='ocr_line' id='line_1_29' title="bbox 313 4672 1734 4788; baseline 0.005 -39"><span class='ocrx_word' id='word_1_215' title='bbox 313 4672 415 4752; x_wconf 92' lang='lat' dir='ltr'>bone</span> <span class='ocrx_word' id='word_1_216' title='bbox 447 4675 629 4753; x_wconf 89' lang='lat' dir='ltr'>memorie</span> <span class='ocrx_word' id='word_1_217' title='bbox 664 4676 840 4768; x_wconf 85' lang='lat' dir='ltr'>Petrum,</span> <span class='ocrx_word' id='word_1_218' title='bbox 880 4676 1072 4784; x_wconf 86' lang='lat' dir='ltr'>quondam</span> <span class='ocrx_word' id='word_1_219' title='bbox 1111 4676 1395 4755; x_wconf 59' lang='lat' dir='ltr'>Cluniacenoem</span> <span class='ocrx_word' id='word_1_220' title='bbox 1427 4677 1627 4773; x_wconf 84' lang='lat' dir='ltr'>abbatem,</span> <span class='ocrx_word' id='word_1_221' title='bbox 1666 4709 1734 4788; x_wconf 89' lang='lat' dir='ltr'>pro</span> 
     </span>
    </p>
   </div>
   <div class='ocr_carea' id='block_1_13' title="bbox 316 4803 1733 4999">
    <p class='ocr_par' dir='ltr' id='par_1_13' title="bbox 316 4803 1733 4999">
     <span class='ocr_line' id='line_1_30' title="bbox 316 4803 1733 4912; baseline 0.006 -32"><span class='ocrx_word' id='word_1_222' title='bbox 316 4803 564 4912; x_wconf 89' lang='lat' dir='ltr'>subjectione,</span> <span class='ocrx_word' id='word_1_223' title='bbox 583 4832 696 4912; x_wconf 90' lang='lat' dir='ltr'>quam</span> <span class='ocrx_word' id='word_1_224' title='bbox 716 4804 818 4881; x_wconf 89' lang='lat' dir='ltr'>idem</span> <span class='ocrx_word' id='word_1_225' title='bbox 839 4805 953 4884; x_wconf 78' lang='lat' dir='ltr'>tbbes</span> <span class='ocrx_word' id='word_1_226' title='bbox 970 4804 1072 4883; x_wconf 89' lang='lat' dir='ltr'>sibi</span> <span class='ocrx_word' id='word_1_227' title='bbox 1062 4833 1101 4883; x_wconf 90' lang='lat' dir='ltr'>m</span> <span class='ocrx_word' id='word_1_228' title='bbox 1118 4823 1241 4884; x_wconf 87' lang='lat' dir='ltr'>vestro</span> <span class='ocrx_word' id='word_1_229' title='bbox 1261 4808 1489 4885; x_wconf 84' lang='lat' dir='ltr'>monasterio</span> <span class='ocrx_word' id='word_1_230' title='bbox 1502 4809 1733 4900; x_wconf 84' lang='lat' dir='ltr'>vindicabat,</span> 
     </span>
     <span class='ocr_line' id='line_1_31' title="bbox 1474 4933 1524 4999; baseline -0.1 0"><span class='ocrx_word' id='word_1_231' title='bbox 1474 4933 1524 4999; x_wconf 76' lang='lat' dir='ltr'>tt.</span> 
     </span>
    </p>
   </div>
   <div class='ocr_carea' id='block_1_14' title="bbox 1778 3521 1976 3577">
    <p class='ocr_par' dir='ltr' id='par_1_14' title="bbox 1778 3521 1976 3577">
     <span class='ocr_line' id='line_1_32' title="bbox 1778 3521 1976 3577; baseline 0.005 -1"><span class='ocrx_word' id='word_1_232' title='bbox 1778 3543 1809 3576; x_wconf 79' lang='lat' dir='ltr'>aa</span> <span class='ocrx_word' id='word_1_233' title='bbox 1824 3521 1879 3575; x_wconf 86' lang='lat' dir='ltr'>dec.</span> <span class='ocrx_word' id='word_1_234' title='bbox 1899 3522 1976 3577; x_wconf 71' lang='lat' dir='ltr'>net·</span> 
     </span>
    </p>
   </div>
   <div class='ocr_carea' id='block_1_15' title="bbox 0 0 2265 5842">
    <p class='ocr_par' dir='ltr' id='par_1_15' title="bbox 0 0 2265 5842">
     <span class='ocr_line' id='line_1_33' title="bbox 0 0 2265 5842; baseline 0 0"><span class='ocrx_word' id='word_1_235' title='bbox 0 0 2265 5842; x_wconf 95' lang='lat' dir='ltr'> </span> 
     </span>
    </p>
   </div>
  </div>
 </body>
</html>
