4478 5842
313 475 382 545 196
651 473 1057 546 CHARTULARIUM
1091 471 1372 544 SlTHIENSE.

308 614 558 720 negligentius
579 617 692 704 ame,
709 615 767 690 vel
785 644 804 690 a
824 615 918 690 meis
934 612 1121 718 prioribus
1141 612 1321 687 hactenus
1344 610 1571 698 factumest,
1594 610 1723 687 indul-

307 761 438 849 geatur
458 746 579 821 nobis.
609 744 796 821 Constitui
819 761 1003 848 preterea,
1021 744 1069 818 ad
1089 741 1294 817 edilitatem
1315 741 1551 831 monasterii,
1576 741 1719 817 bouum

308 876 414 978 quod
431 875 469 949 in
484 875 571 950 villa
584 875 787 949 Hanelmos
807 875 854 949 ad
870 890 1038 949 sanetum
1054 871 1249 947 Bertiuurn
1264 870 1444 974 probatur
1460 872 1733 975 pertinere-aet,

307 1033 430 1079 unum
445 1004 574 1081 march
602 1005 744 1110 argenti
766 1004 813 1078 de
834 1003 978 1078 decima
996 1001 1084 1076 ville
1102 1000 1377 1105 Loningehem‚
1406 1029 1479 1105 que
1496 1019 1552 1076 est
1572 1003 1611 1076 in
1627 1008 1721 1106 pag'o

308 1134 498 1220 Bononia,
522 1151 725 1239 utrumque
750 1133 1029 1237 suscipiendum
1051 1148 1088 1206 et
1112 1130 1401 1234 expendendum
1429 1129 1475 1204 ab
1500 1131 1645 1219 edituo,
1660 1133 1722 1208 ad

309 1265 512 1339 necessaria
524 1326 532 1353 ‚
545 1281 588 1339 ut
601 1265 744 1339 dictum
762 1279 832 1350 est,
850 1261 1015 1338 ecclesie.
1031 1261 1151 1337 Statui
1164 1277 1372 1364 postremo,
1385 1275 1444 1346 ut,
1462 1287 1547 1334 cum
1563 1259 1723 1364 quilibet

311 1392 424 1496 hujus
441 1391 589 1468 cenobii
604 1393 727 1477 frater,
744 1409 865 1466 morte
876 1406 1090 1494 preventus,
1108 1418 1152 1464 ex
1165 1389 1237 1464 hoc
1250 1389 1376 1464 seculo
1397 1387 1624 1496 migraverit,
1639 1417 1723 1494 pre·

309 1520 473 1596 bendam
495 1550 618 1610 suam,
635 1548 733 1595 anno
749 1520 911 1624 integro,
929 1547 1026 1592 unus
1043 1518 1231 1603 sacerdos,
1251 1517 1315 1622 qui
1327 1546 1396 1621 pro
1411 1519 1491 1623 ejus
1510 1517 1634 1592 anima
1645 1517 1721 1595 Do-

310 1652 456 1723 minum
483 1650 717 1753 deprecetur,
744 1647 896 1735 habeat3
919 1665 956 1723 et
975 1675 1043 1750 pro
1068 1646 1225 1722 dimidia
1247 1645 1341 1721 libra
1364 1646 1625 1734 denariorum,
1639 1674 1720 1750 pro

306 1780 538 1855 vestimentis
552 1780 647 1885 ejus,
660 1808 681 1854 a
696 1778 897 1854 camerario
915 1777 977 1853 alii
990 1777 1172 1854 sacerdoti
1187 1778 1309 1866 detur,
1325 1779 1390 1882 qui
1405 1776 1579 1852 similiter
1590 1806 1660 1882 pro
1675 1805 1720 1854 eo

307 1936 413 1984 orare
428 1909 588 1984 studeat.
602 1909 731 2013 Igitur,
744 1923 787 1983 ut
800 1907 905 1982 nulla
915 1908 1107 1983 occasione
1121 1907 1179 1982 vel
1193 1907 1410 1982 necessitate
1424 1905 1576 2009 aliquis,
1593 1904 1720 1983 futuro

306 2038 345 2112 in
364 2055 552 2142 tempore,
576 2039 712 2114 audeat
728 2039 794 2114 has
812 2036 1133 2126 confirmationes,
1150 2037 1208 2112 vel
1225 2036 1555 2113 confirmationum
1569 2062 1721 2112 renova·

305 2168 428 2243 tiones
443 2167 626 2242 mutando
642 2186 705 2243 aut
719 2165 928 2241 minuendo
940 2184 1003 2243 aut
1014 2165 1278 2242 adnichilando
1294 2164 1517 2269 infringere,
1532 2192 1623 2267 quas
1636 2192 1717 2250 nos,

305 2296 517 2373 roborande
533 2297 692 2372 caritatis
714 2314 752 2371 et
767 2295 966 2372 concordie
983 2323 1107 2384 causa,
1132 2311 1169 2370 et
1193 2295 1322 2370 salutis
1344 2295 1554 2370 animarum
1577 2311 1720 2370 nostra·

307 2456 390 2502 rurn
409 2426 656 2503 stabilivimus
678 2425 810 2533 gratia,
832 2442 1055 2532 congregato
1076 2424 1115 2500 in
1136 2453 1257 2499 unum
1277 2424 1449 2500 omnium
1465 2423 1622 2499 fratrum
1641 2452 1721 2500 nos

305 2573 450 2631 trorum
473 2572 673 2645 conventu,
688 2584 709 2629 a
730 2555 889 2631 minimo
906 2582 1026 2659 usque
1045 2553 1093 2629 ad
1105 2554 1309 2630 maximum
1325 2552 1496 2628 unanimi
1514 2578 1717 2639 consensu,

305 2685 451 2760 abillis
481 2685 597 2760 eciam
627 2684 693 2788 qui
718 2700 803 2787 post
824 2711 893 2758 nos
920 2682 1037 2758 futuri
1065 2699 1153 2759 sunt
1180 2681 1718 2772 servanda,confirmavin1us;

306 2815 542 2901 confirmata,
569 2830 611 2887 ut
639 2812 782 2886 dictum
815 2828 884 2901 est,
914 2810 1179 2920 infringentes,
1209 2813 1288 2916 ipse
1312 2813 1478 2916 primum
1505 2828 1542 2886 et
1570 2838 1720 2886 mecum

304 2940 430 3045 viginti
446 2941 674 3023 sacerdotes,
692 2938 901 3015 laventibus
921 2939 1019 3026 aliis,
1041 2942 1080 3015 in
1099 2969 1302 3018 commune
1317 2940 1717 3018 anathematizavimus.

305 3067 530 3171 Quicunque
548 3095 635 3173 ergo
653 3065 860 3152 violaverit,
878 3067 1190 3145 cumfautoribus
1209 3087 1320 3174 atque
1341 3070 1574 3175 adjutoribus
1589 3069 1666 3145 suis
1680 3069 1719 3143 in
1742 3124 1743 3129 η
1761 3060 1768 3071 ’

304 3194 461 3279 malitia,
484 3195 555 3270 nisi
577 3194 688 3300 digna
714 3221 841 3296 perse
863 3196 1060 3298 resipuerit
1081 3197 1307 3299 penitentia,
1330 3199 1379 3275 sit
1399 3199 1437 3273 in
1459 3199 1620 3273 adventu
1642 3198 1720 3274 Do—

305 3323 398 3397 rnini
418 3324 632 3414 anathema,
654 3324 880 3400 maranatha.
908 3325 1023 3416 Quod
1047 3326 1076 3402 si
1105 3326 1259 3401 tandem
1284 3354 1362 3401 non
1388 3343 1522 3429 sponte
1546 3356 1629 3415 sua,
1652 3327 1720 3402 sed

303 3452 460 3528 seculari
480 3470 628 3529 coactus
648 3454 833 3558 potentia,
857 3454 1073 3558 resipuerit,
1093 3472 1237 3560 septem
1257 3453 1372 3531 libras
1387 3455 1468 3532 auri
1487 3453 1605 3531 solvet
1619 3455 1721 3559 prin·

305 3581 376 3684 cipi
399 3599 496 3658 terre
515 3611 584 3688 pro
605 3582 844 3689 malignitatis
861 3611 929 3660 sue
948 3583 1079 3690 iniquo
1101 3600 1237 3660 conatu
1256 3601 1295 3659 et
1314 3612 1439 3689 opere.
1462 3586 1610 3687 Itaque,
1632 3585 1720 3690 quia

304 3739 347 3784 ex
367 3712 585 3788 auctoritate
603 3739 781 3797 romana,
796 3729 983 3817 ternpore,
1003 3713 1104 3800 loco,
1126 3713 1295 3815 principe
1316 3731 1353 3787 et
1371 3713 1606 3800 testimonio,
1628 3743 1720 3789 uua-

301 3867 452 3943 queque
473 3839 695 3915 stabilienda
712 3857 768 3914 est
780 3857 894 3926 carta,
914 3856 1038 3915 actum
1059 3857 1115 3916 est
1135 3869 1155 3915 a
1176 3867 1237 3916 me
1257 3840 1473 3928 Heriberto,
1495 3841 1610 3947 gratia
1637 3840 1719 3918 sal-

301 3968 454 4053 vatoris,
470 3967 620 4055 abbate,
641 3995 740 4044 anno
759 3968 1024 4046 incarnationis
1040 3969 1209 4077 ejusdem
1229 3968 1432 4053 millesimo
1446 3970 1717 4075 septuagesimo

301 4096 445 4198 quinto,
455 4097 660 4174 indictione
672 4097 816 4174 decima
826 4115 969 4205 quarta,
980 4115 1158 4207 regnante
1167 4099 1342 4204 Philippo
1350 4101 1578 4177 Francorum
1587 4127 1687 4206 rege.
1703 4136 1715 4166 v

955 4390 1064 4461 xxi.
1129 4480 1131 4483 v

681 4584 717 4624 DE
739 4587 913 4633 wttuttttw.
938 4589 1011 4628 REGE
1033 4589 1067 4628 ΕΤ
1088 4588 1195 4629 contre
1218 4588 1357 4630 ROBERTO.

359 4762 467 4834 Anno
487 4759 612 4864 itaque
632 4761 820 4840 dominice
836 4765 1100 4842 incarnationis
1121 4765 1323 4843 millesimo
1347 4768 1572 4873 sexagesimo
1597 4784 1711 4855 sexto,
