4478 5842
491 427 494 434 ’
563 479 689 552 nans
716 475 1260 553 snouuns.÷-s1uonts
1286 478 1379 549 ms.
1406 477 1453 548 n.
1640 472 1717 545 aar

924 794 1095 878 XXXV.

357 1041 592 1147 Exemplaria
619 1043 778 1119 duarum
805 1039 1042 1116 litteraruml
1067 1040 1128 1116 bic
1154 1040 1289 1116 omitto
1315 1036 1493 1126 scribere,
1510 1064 1584 1142 que
1604 1034 1721 1140 ipsius

301 1172 447 1248 comitis
467 1172 778 1278 supramemorati
803 1170 925 1277 sigillo
946 1186 1035 1247 sunt
1055 1171 1216 1277 signata,
1236 1168 1372 1273 partim
1392 1185 1545 1273 propter
1560 1164 1719 1241 brevita-

299 1318 393 1390 tem,
416 1301 552 1406 partim
578 1303 692 1377 eciam
711 1319 866 1407 propter
885 1299 1105 1376 earumdem
1125 1326 1274 1404 parvam
1293 1294 1504 1383 efficatiam,
1523 1295 1720 1402 presertim

302 1457 402 1504 nunc
417 1430 614 1534 temporis,
631 1460 716 1505 cum
733 1430 781 1506 de
801 1429 885 1506 villa
903 1428 1030 1506 Scales
1048 1428 1146 1505 dicta
1164 1457 1243 1505 non
1258 1425 1400 1532 aliquid
1414 1426 1652 1530 recipiamus,
1672 1427 1719 1502 de

301 1588 375 1665 qua
394 1589 470 1635 una
489 1558 640 1636 illarum
662 1560 872 1635 litterarum
897 1558 1067 1664 loquitur
1080 1565 1106 1633 ².
1128 1557 1209 1633 Alia
1233 1574 1285 1633 est
1313 1556 1359 1632 de
1388 1557 1565 1633 comitatu
1584 1557 1720 1634 Wido-

300 1689 359 1763 nis
373 1689 420 1765 de
434 1687 640 1779 Elenbom,
658 1687 729 1764 sub
745 1689 829 1765 data
842 1688 929 1764 anni
942 1687 1134 1766 millesimi
1149 1666 1343 1765 centesimi
1357 1685 1605 1763 nonidecimi.
1615 1689 1721 1762 Nunc

300 1833 427 1894 autem
447 1816 727 1923 infrascriptum
750 1817 821 1893 erit
843 1818 1031 1924 exemplar
1055 1835 1153 1894 carte
1172 1815 1325 1893 Roberti
1346 1815 1525 1922 junioris,
1548 1814 1721 1893 Flandrie

302 1948 464 2039 comitis,
486 1950 533 2025 de
549 1949 724 2027 libertate
741 1949 830 2026 ville
851 1950 966 2027 sancti
986 1949 1147 2035 Remini,
1169 1949 1448 2053 Poperinghem
1470 1948 1578 2024 dicte.
1712 1948 1716 1957 ’

913 2284 1108 2360 XXXVI.

357 2524 424 2598 «ln
441 2524 595 2600 nomine
609 2524 726 2601 Patris
747 2542 783 2601 et
806 2524 892 2600 Filii
913 2542 951 2602 et
965 2524 1125 2631 Spiritus
1139 2523 1276 2600 Sancti.
1305 2522 1384 2626 Ego
1399 2518 1599 2605 Robertus,
1623 2546 1721 2592 mar-
1816 2547 1862 2580 ιιι

300 2653 386 2729 chio
401 2654 429 2728 F
432 2652 710 2744 landrensium,
727 2682 880 2731 omnem
896 2656 1175 2731 contentionem
1196 2669 1233 2728 et
1248 2651 1536 2728 controversiam
1549 2649 1647 2725 inter
1659 2676 1720 2723 me

300 2799 338 2857 ot
349 2812 580 2861 successores
599 2812 722 2871 meos,
737 2801 774 2859 et
789 2784 941 2861 abbates
956 2783 1236 2869 sanctiBertini,
1256 2781 1303 2856 de
1320 2779 1492 2885 villaque
1508 2779 1644 2857 dicitur
1658 2779 1723 2853 Po

299 2914 537 3020 peringbem,
555 2915 706 3020 penitus
728 2916 904 3022 dissipare
925 2914 1068 3005 volens,
1086 2913 1233 3022 scriptis
1246 2913 1285 2987 in
1307 2927 1500 3018 posterum
1519 2911 1720 3000 mansuris,

299 3059 374 3117 tam
389 3043 627 3148 presentibus
642 3074 754 3151 quam
768 3061 806 3121 et
817 3044 955 3121 suturis
971 3044 1162 3120 notificare
1179 3041 1400 3133 curavimus,
1417 3041 1510 3146 quid
1523 3041 1572 3118 ad
1584 3040 1648 3148 jus
1663 3070 1721 3116 co·

300 3171 402 3248 mitis
418 3173 573 3250 attineat
587 3175 635 3251 de
648 3175 782 3251 eadem
797 3173 896 3251 villa.
913 3175 1043 3281 ltaque
1055 3176 1220 3280 equites,
1237 3173 1277 3250 in
1288 3172 1499 3279 supradicta
1512 3171 1599 3249 villa
1610 3162 1725 3278 Pope·

300 3301 475 3410 ringhem
491 3304 714 3392 habitantes,
731 3305 769 3381 in
785 3305 1042 3411 expeditiones
1056 3305 1204 3384 comitis
1215 3303 1400 3411 proficisci
1416 3303 1569 3393 debent,
1585 3320 1638 3393 et,
1651 3304 1722 3379 nisi

301 3432 552 3536 perrexerint,
574 3462 721 3525 comes,
744 3463 856 3540 super
876 3435 949 3511 hoc
968 3435 1143 3512 abbatem
1163 3434 1395 3543 placitando,
1416 3432 1721 3509 emendationem

299 3562 355 3637 vel
370 3564 465 3640 both
477 3564 632 3670 accipiet
651 3565 698 3641 ab
717 3566 797 3670 ipso
820 3565 973 3653 abbate,
996 3566 1102 3671 quod
1127 3582 1398 3642 remanserunt.
1422 3561 1480 3639 llli
1499 3590 1587 3640 vero
1602 3564 1667 3668 qui
1683 3564 1721 3638 in

276 3691 467 3795 predicta
497 3691 585 3768 villa
616 3693 662 3768 ad
686 3693 872 3770 banverch
903 3695 1093 3773 constituti
1119 3712 1222 3785 sunt,
1252 3694 1393 3771 debent
1419 3693 1547 3771 comiti
1575 3711 1721 3770 tantum

299 3837 342 3898 ut
356 3821 686 3900 landesbanwerch
704 3839 741 3898 et
760 3823 1009 3912 landeswere3
1032 3843 1069 3901 et
1083 3824 1262 3930 placitum
1275 3825 1364 3902 inde
1381 3826 1452 3900 erit
1471 3824 1625 3902 abbatis.
1641 3826 1723 3900 Pre-

301 3965 419 4042 terea,
440 3950 673 4057 quicunque,
697 3951 737 4026 in
756 3951 900 4057 prelata
917 3953 1004 4030 villa
1021 3954 1315 4062 Poperingbem,
1343 3956 1389 4030 de
1414 3954 1514 4032 furto
1535 3973 1600 4031 aut
1622 3954 1722 4032 salsis

299 4080 483 4172 nummis,
506 4080 563 4157 vel
580 4080 627 4157 de
648 4080 721 4157 alio
737 4082 912 4175 crimine,
929 4101 1056 4190 preter
1072 4084 1178 4190 quod
1197 4085 1361 4193 pertinet
1381 4084 1427 4160 ad
1446 4088 1623 4162 curerbet
1642 4115 1724 4163 con·

299 4210 385 4287 victi
401 4211 571 4303 fuerunt,
602 4211 649 4289 ad
671 4211 845 4290 abbatem
863 4230 942 4291 tota
960 4231 1060 4292 terra
1076 4214 1193 4320 ipsius
1207 4233 1246 4292 et
1271 4216 1385 4293 tercia
1404 4246 1490 4322 pars
1513 4215 1724 4296 substancie

342 4466 349 4494 ¹
374 4467 441 4528 Haec
456 4468 516 4530 duo
533 4469 692 4553 diplomata
708 4471 819 4532 faciunt
832 4493 895 4559 cap.
913 4493 980 4534 mv
1080 4472 1090 4501 ¹
1112 4472 1166 4533 llla
1180 4475 1291 4537 scilicet
1304 4488 1394 4559 quam
1404 4474 1534 4559 vulgavit
1553 4476 1642 4539 Andr.
1666 4480 1722 4539 Du·

209 4586 213 4591 ·
298 4581 327 4629 et
344 4589 433 4637 xant,
452 4569 504 4631 lib.
524 4572 552 4631 ll
569 4572 671 4633 domni
689 4573 837 4635 Simonis:
853 4597 980 4659 quorum
1040 4574 1240 4647 chesne,Hist.
1249 4578 1353 4664 plns'al.
1366 4577 1434 4640 dela
1447 4578 1722 4650 mamadeGuisnes,

299 4673 589 4837 ppsumupolpmm
604 4676 641 4735 ad
652 4676 778 4759 longum
793 4678 824 4737 in
841 4676 893 4739 lib.
909 4676 979 4762 dipl.
1037 4698 1080 4760 pr.
1089 4698 1155 4761 pag.
1164 4681 1214 4748 ko.

354 4794 439 4856 M'J·
516 4825 522 4837 .
