4478 5842
309 482 384 553 ass
663 480 1077 559 cuasrunuuuu
1104 426 1409 558 sirursuss.··

308 624 493 702 secularis
506 607 618 702 laude
634 624 747 701 armis
761 625 905 702 ibidem
924 625 1126 732 adquisita,
1141 625 1270 716 rediit,
1291 643 1330 702 et
1342 622 1583 713 willelmus,
1598 627 1736 731 prioris

312 754 500 834 Willelmi
515 755 613 862 regis
623 755 757 864 Anglie
770 755 890 847 filius,
908 755 1043 832 eodem
1054 782 1154 831 anno
1165 752 1368 833 aWaltero
1383 754 1430 833 de
1443 755 1653 844 Bekam‚ex
1668 756 1735 832 im·
1824 820 1831 831 .

311 886 478 991 proviso,
494 885 729 962 interficitur.
746 886 839 977 Qui,
864 915 950 962 cum
968 913 1055 993 rege
1078 884 1118 959 in
1135 882 1237 967 saltu
1257 902 1434 994 venatum
1454 886 1550 977 iens,
1568 887 1660 963 dum
1676 915 1733 962 sa-

305 1017 406 1123 gitta
426 1044 575 1093 cervum
595 1033 804 1121 appeteret,
822 1016 972 1107 eadem,
991 1015 1170 1092 divinitus
1192 1033 1347 1106 retorta,
1365 1046 1428 1093 rex
1443 1017 1638 1094 occiditur.
1655 1017 1734 1093 Cu-

306 1145 376 1249 jus
391 1144 564 1221 interitus
588 1161 713 1220 sancte
735 1145 1007 1221 recordationis
1026 1145 1105 1223 viro
1133 1144 1302 1250 Hugoni,
1328 1144 1453 1223 abbati
1475 1144 1729 1237 Cluniacensi,

313 1292 368 1351 est
382 1292 634 1379 preostensus.
651 1277 744 1351 Nam
752 1312 763 1365 ,·
774 1304 862 1351 cum
878 1274 981 1351 idem
994 1292 1143 1351 sanctus
1153 1335 1162 1363 ,
1174 1276 1255 1382 jam
1273 1290 1370 1352 etate
1390 1291 1428 1352 et
1443 1276 1634 1354 sanctitate
1646 1305 1733 1381 pro-

310 1422 451 1496 vectus,
479 1422 517 1482 et
540 1405 773 1511 archipresul
794 1406 995 1482 Cantuarie
1020 1403 1236 1494 Anselmus,
1264 1405 1500 1511 vir'predlari
1527 1405 1668 1514 ingenii
1694 1407 1734 1482 in

303 1537 442 1614 divinis
471 1553 508 1612 et
529 1537 569 1611 in
589 1534 829 1628 liberalibus,
841 1535 1031 1625 Cluniaci‚
1043 1535 1148 1642 quasi
1160 1564 1294 1643 magna
1308 1535 1463 1614 ecclesie
1482 1536 1560 1614 duo
1578 1535 1735 1613 lumina·

306 1666 382 1753 ria,
405 1684 653 1757 morarentur,
675 1683 713 1742 et
735 1665 849 1744 abbas
870 1666 981 1743 sciret
1000 1664 1295 1772 archipresulem
1314 1663 1554 1744 infestatione
1573 1666 1734 1772 predicti

216 1839 219 1844 ·
304 1795 407 1904 regis
430 1795 563 1903 Anglie
593 1795 764 1886 cessisse,
788 1797 951 1904 quadam
979 1795 1041 1873 die
1061 1797 1101 1872 in
1122 1813 1227 1901 parte
1250 1813 1398 1874 sanctus
1421 1802 1592 1874 sanctuln
1610 1797 1731 1888 duxit,

306 1932 344 2002 e't
357 1925 464 2031 quod
483 1926 685 2003 interiisset
700 1955 765 2004 rex
786 1926 900 2006 abbas
919 1925 1088 2033 pontifici
1105 1926 1374 2032 prenuntiavit3
1395 1927 1500 2032 quod
1521 1945 1651 2034 postea
1669 1956 1731 2005 ve-

309 2083 396 2132 rum
416 2041 617 2161 probatum
638 2056 720 2133 luit.

975 2342 1063 2415 LX.
1084 2380 1087 2385 ·

360 2549 461 2654 Rege
476 2574 563 2623 vero
583 2546 713 2654 sagitta
734 2573 927 2651 percusso,
945 2545 1146 2636 Henricus,
1162 2544 1294 2651 junior
1313 2559 1424 2634 natu,
1445 2545 1635 2634 successit,
1657 2544 1735 2621 Ro-

302 2679 427 2767 berto,
448 2676 716 2782 primogenito,
738 2692 828 2752 tunc
848 2676 894 2752 ab
914 2673 1142 2753 lerosolimis
1164 2673 1348 2751 redeunte
1372 2692 1411 2751 et
1428 2675 1593 2752 necdum
1615 2675 1720 2751 Nort-

304 2809 496 2885 manniam
515 2795 772 2912 pervenientess
791 2806 867 2898 Qui
882 2805 1049 2897 rediens,
1066 2823 1110 2882 ut
1130 2821 1305 2883 eventum
1320 2804 1375 2881 rei
1392 2803 1548 2909 audirit,
1571 2830 1728 2912 congre-

304 2955 386 3045 gata
395 2937 567 3042 peditum
581 2937 824 3043 equitumque
837 2936 986 3041 copiosa
996 2935 1258 3053 multitudine,
1273 2934 1448 3013 adversus
1457 2934 1610 3012 fratrem
1625 2940 1728 3011 mare

305 3065 537 3172 pertransiit,
554 3065 640 3155 sed,
658 3063 780 3141 fratris
799 3064 976 3169 prudenti
992 3064 1150 3142 consilio
1171 3066 1304 3157 flexus,
1322 3065 1357 3140 ei
1379 3063 1640 3170 reconciliatus
1661 3081 1727 3142 est.

305 3195 594 3274 Henricus'vero
609 3222 674 3272 rex
693 3193 908 3299 permansit.
930 3193 1024 3287 Qui,
1042 3209 1171 3298 postea
1190 3194 1230 3269 in
1248 3193 1492 3271 Nortmannia
1512 3220 1731 3301 congressus
1795 3277 1800 3288 ,

306 3326 524 3405 cumfratre
545 3325 728 3413 boberto,
750 3350 837 3400 eum
863 3321 978 3429 cepit,
1007 3322 1109 3399 etin
1129 3321 1336 3427 captivitate
1360 3349 1480 3430 usque
1509 3323 1557 3399 ad
1581 3320 1729 3401 obitum

306 3457 386 3566 ejus
410 3456 546 3536 tenuit.
562 3456 639 3533 Rex
657 3481 745 3532 vero
773 3453 959 3533 Henricus
975 3451 1108 3563 Anglia
1128 3469 1166 3530 et
1190 3454 1434 3530 Nortmaunia
1460 3453 1605 3561 potitur
1622 3453 1730 3561 annis

304 3587 383 3666 sere
406 3587 556 3696 triginta
579 3583 763 3693 quinqub,
783 3601 968 3691 quantum
986 3583 1035 3660 ad
1054 3581 1213 3692 gloriam
1233 3582 1371 3675 seculi,
1386 3583 1556 3662 omnium
1576 3609 1731 3689 prospe·

305 3718 413 3795 ritate
434 3715 695 3795 etadmodum
709 3714 905 3822 utriusque
923 3711 1067 3821 populi.
1575 3710 1580 3719 ’

958 4007 1070 4084 Lxl.

638 4228 675 4268 DE
696 4227 785 4271 HUJUS
806 4226 1171 4273 OONVBNTUS‚REDUCT10NB
1191 4227 1230 4269 AD
1252 4227 1398 4270 amusan.

364 4423 429 4498 His
453 4421 504 4498 ita
531 4420 699 4531 digestis,
718 4423 766 4499 ad
785 4440 957 4502 nostrum
976 4422 1206 4517 Johannem,
1226 4423 1298 4502 Dei
1317 4423 1451 4533 gratia,
1472 4422 1730 4506 Morinenscm
1840 4461 1842 4464 ·

308 4551 515 4661 presulem,
532 4550 741 4630 redeamus.
758 4553 869 4630 Tanti
888 4552 1014 4661 itaque
1029 4553 1096 4631 viri
1116 4553 1287 4660 exemplo
1307 4555 1501 4648 excitatus,
1524 4547 1563 4634 et
1582 4555 1630 4636 de
1649 4532 1732 4666 ejus
1826 4539 1829 4543 ⁴
1883 4548 1888 4557 ¹

310 4681 449 4761 auxilio
470 4676 664 4799 confidens
683 4680 797 4760 abbas
821 4682 1059 4775 lambertus,
1087 4683 1192 4791 quod
1216 4701 1303 4762 ante
1317 4684 1657 4793 jamdeliberavit,
1678 4686 1728 4763 de

309 4810 464 4893 ecclesie
483 4837 550 4890 sue
569 4811 800 4891 correctione
814 4813 997 4920 cogitavit.
1009 4812 1128 4924 Cujus
1140 4812 1317 4894 talisluil
1335 4842 1515 4926 actenus,
1529 4816 1642 4897 Anno
1656 4814 1727 4927 igi-
