4478 5842
429 501 551 574 PARS
578 501 1302 577 TERTIA.·-CONT1NUATORES
1330 506 1552 579 SIMONIS.
1633 511 1708 582 525

291 637 513 732 defendere,
550 660 587 735 et
613 641 659 719 ab
688 643 742 720 eis
775 642 936 721 ablatam
968 643 1078 723 nobis
1103 673 1252 750 semper
1281 649 1472 723 consuevit
1499 649 1707 725 restituere.

290 770 402 849 Multi
416 773 518 849 enim
538 802 671 851 eorum
691 803 712 850 a
731 775 865 851 Tuscis
881 775 977 880 capti
1002 792 1041 851 et
1056 776 1166 851 occisi
1185 793 1289 866 sunt,
1309 776 1464 882 plurimi
1483 806 1571 854 vero
1591 777 1707 868 lame,

289 903 500 1006 pestilentia
514 922 561 981 et
579 904 709 982 labore
729 905 954 1011 consumpti.
980 907 1032 981 Ex
1053 906 1195 1012 quibus
1216 905 1281 983 ille
1301 906 1525 1005 venerabilis
1544 906 1708 999 Aliisne,

263 1028 593 1112 ¹tltrebatensium
616 1035 761 1141 presul,
785 1035 887 1112 diem
912 1036 1007 1112 obiit
1023 1064 1140 1151 penes
1159 1036 1472 1142 Philippopolim,
1494 1038 1626 1113 Tracie
1647 1069 1711 1114 ur-

290 1162 394 1254 bem,
419 1193 496 1242 non
517 1165 597 1241 sine
618 1193 756 1275 magno
779 1167 1009 1243 Francorum
1031 1184 1069 1244 et
1087 1166 1376 1243 Flandrensium
1400 1196 1560 1245 merore.
1584 1169 1710 1245 Ceteri

290 1322 378 1371 vero
398 1296 464 1401 qui
486 1296 643 1387 evadere
669 1314 896 1402 potuerunt,
924 1296 1068 1375 diversa
1092 1297 1342 1375 maceratione
1366 1296 1513 1388 afflicti,
1536 1300 1714 1404 repatria-

288 1443 433 1502 verunt.

972 1606 1029 1682 11.

289 1804 433 1857 Qunam&
451 1805 572 1853 bonus
590 1808 847 1862 alomeonem
862 1808 973 1853 lloffllt
994 1809 1098 1861 ΑΒΜ,
1115 1809 1270 1854 SCRIPTUM
1285 1809 1432 1852 CRRONICE
1445 1809 1497 1853 8ῦὶ
1512 1810 1606 1852 ΙῙΝΒΙ
1620 1811 1714 1854 nell.
1831 1822 1840 1833 ‘

347 1987 426 2062 Hec
445 2015 539 2092 que,
562 2015 631 2092 per
650 1988 839 2094 sexaginta
862 2016 999 2080 annos,
1030 2015 1092 2064 me
1112 1987 1241 2066 recolo
1261 1989 1440 2065 veraciter
1460 1976 1593 2067 iidisse
1615 1990 1674 2066 vel
1695 2021 1715 2066 a

290 2096 486 2197 ieracibus
506 2116 672 2206 audisse,
696 2120 742 2196 de
762 2117 1042 2197 successoribus
1062 2135 1100 2197 et
1125 2119 1280 2197 diversis
1297 2118 1483 2195 discordie
1506 2120 1717 2221 excessibus

292 2244 492 2324 Sithiensis
512 2246 696 2337 ecclesie,
723 2249 771 2326 de
794 2247 1088 2327 Flandrensium
1112 2249 1296 2326 comitum
1320 2249 1554 2328 successione
1577 2267 1616 2327 et
1634 2251 1718 2328 sub-

287 2375 386 2483 jecte
400 2376 523 2484 gentis
542 2377 643 2456 inter
661 2405 701 2456 se
720 2378 818 2456 varia
833 2379 1080 2472 dissentione,
1098 2379 1313 2457 summatim
1333 2407 1394 2456 me
1413 2379 1581 2487 tetigisse
1599 2379 1718 2459 lector

292 2507 546 2613 equanimiter
567 2507 684 2603 ferat3
708 2511 864 2618 etquid
887 2511 1044 2589 morbus
1070 2511 1246 2589 intestine
1274 2509 1516 2589 dissentionis
1539 2511 1580 2586 in
1607 2541 1718 2589 ceno-

291 2635 367 2716 biis
386 2639 486 2718 inter
504 2639 658 2718 abbates
679 2658 719 2720 et
737 2641 961 2733 monachos,
986 2641 1026 2719 in
1055 2640 1221 2719 ecclesiis
1242 2641 1342 2718 inter
1359 2641 1531 2746 presules
1552 2659 1589 2720 et
1609 2642 1719 2720 cleri-

294 2797 378 2861 cos,
405 2769 445 2845 in
469 2771 700 2849 monarchiis
720 2772 818 2850 inter
837 2773 995 2851 comites
1019 2788 1058 2850 et
1076 2770 1256 2879 populos,
1282 2771 1321 2847 in
1349 2773 1473 2880 regnis
1495 2772 1719 2882 interreges
1807 2795 1809 2800 ·

238 2902 250 2929 ⁴
295 2917 334 2979 et
352 2899 488 2993 duces,
501 2901 556 2993 ,ad
573 2903 870 2981 destructionem
886 2904 1009 2984 tocius
1031 2904 1126 2984 boni
1143 2931 1277 3011 parere
1290 2901 1411 2981 soleat
1423 2901 1626 3010 diligenter
1646 2905 1720 2981 ani-

292 3032 499 3110 madvertat
512 3050 551 3111 et
565 3050 700 3111 caveat.

1187 3188 1212 3235 ο

967 3243 1044 3319 111.

559 3468 564 3478 ι
608 3445 648 3488 ΒΕ
669 3440 759 3491 ΟΒΙΤΠ
783 3446 819 3489 ΙΤ
839 3443 1008 3491 strumum
1029 3443 1109 3486 Dlffl'l
1131 3442 1247 3487 81101118
1269 3443 1397 3486 mem.

351 3622 462 3703 Anno
476 3624 664 3732 siquidem
682 3624 796 3705 Verbi
811 3621 990 3700 incarnati
1006 3632 1048 3697 ΜΟ
1060 3634 1097 3699 c⁰
1108 3619 1394 3728 quadragesimo
1411 3637 1554 3712 octavo,
1570 3622 1715 3714 Simon,

294 3754 491 3864 quondam
512 3753 626 3830 abbas
644 3753 760 3861 hujus
774 3752 870 3845 loci,
894 3753 942 3829 de
962 3751 1140 3831 Gandavo
1165 3750 1241 3828 huc
1259 3778 1464 3860 regressus,
1487 3769 1525 3830 et
1540 3751 1602 3829 bic
1619 3753 1719 3830 infir-

296 3900 437 3994 matus,
459 3883 556 3962 obiit
580 3901 761 3974 mortem,
785 3881 1032 3989 sepultusque
1059 3900 1119 3960 est
1139 3883 1178 3959 in
1203 3882 1390 3960 cimiterio
1419 3881 1594 3976 ecclesie,
1611 3883 1716 3992 juxta

296 4012 500 4093 rotundam
525 4012 635 4092 beate
655 4012 772 4092 Marie
794 4012 947 4124 virginis
970 4011 1169 4119 capellam,
1194 4026 1235 4090 11⁰
1261 4040 1383 4090 nonas
1404 4011 1603 4104 februarii,
1631 4042 1718 4092 cum

138 4156 164 4209 's
295 4145 470 4224 omnium
496 4145 653 4224 houm
674 4144 943 4223 lamentatione
960 4162 997 4222 et
1013 4143 1139 4235 luctu3
1159 4143 1226 4221 sed
1246 4172 1348 4221 nunc
1368 4143 1503 4222 tumba
1522 4145 1604 4254 ejus
1621 4147 1718 4223 intra

291 4274 512 4386 jamdictam
539 4274 719 4384 capellam
749 4276 917 4355 cernitur
941 4275 1068 4355 media
1092 4274 1192 4354 inter
1220 4274 1463 4354 Lambertum
1483 4256 1526 4354 'et
1552 4277 1718 4356 Leonem

296 4404 460 4486 abbates.
481 4407 725 4516 Epitaphium
746 4407 843 4518 ejus,
866 4406 991 4516 lapide
1006 4406 1256 4515 insculptum,
1276 4406 1352 4486 tale
1374 4424 1456 4484 est:
1581 4390 1585 4394 ⁵

593 4639 692 4703 Atha
711 4653 852 4711 amatus.
870 4640 977 4703 virtute
992 4639 1094 4722 vigms
1109 4650 1294 4709 assumtus,

593 4740 662 4804 Celo
678 4740 848 4812 translatus,
863 4741 965 4804 Simon
977 4742 1056 4826 jacet
1067 4740 1116 4802 hic
1128 4739 1303 4810 tumulatus.

592 4843 703 4920 Quarta
716 4844 778 4906 dies
791 4843 886 4907 februi
896 4865 987 4930 quern
1001 4865 1071 4928 paee
1086 4845 1163 4908 toret
1175 4845 1293 4930 squiei.

1457 4950 1507 5012 lu.
