4478 5842
538 472 610 540 292
878 466 1293 540 CHARTULARIUM
1327 461 1612 559 strutunstt.

1149 731 1337 807 novur.

818 949 974 991 exaurata
995 947 1154 989 rtttvmaott
1176 947 1289 988 caum
1312 947 1400 993 ΡΔΡΕ,
1424 946 1462 985 ΒΕ
1482 944 1543 996 Quo
1564 945 1664 986 SUPRA.

301 1158 327 1191 ιι
347 1151 397 1192 oet·
415 1146 493 1201 unt.
589 1127 785 1203 «Kalixtus
806 1126 1020 1231 episcopus,
1047 1155 1172 1202 servus
1195 1153 1386 1201 servorum
1400 1123 1491 1211 Dei,
1517 1121 1654 1199 dilecto
1672 1121 1752 1198 filio
1771 1122 1947 1208 lohanni,

531 1257 657 1333 abbati
685 1256 902 1333 monasterii
925 1257 1038 1332 sancti
1063 1255 1227 1344 Bertini,
1258 1255 1412 1360 ejusque
1434 1253 1711 1330 successoribus
1733 1250 1950 1357 regulariter

530 1385 805 1463 substituendis
820 1387 1110 1489 imperpetuum.
1131 1384 1314 1488 Equitatis
1329 1401 1365 1459 et
1374 1383 1525 1488 justicie
1549 1383 1644 1459 ratio
1665 1383 1865 1488 persuadet
1882 1410 1950 1458 nos

531 1518 695 1593 ecclesiis
717 1531 938 1620 perpetuam
958 1542 1084 1588 rerum
1107 1541 1258 1588 suarum
1279 1512 1495 1585 firmitatem
1523 1529 1560 1587 et
1578 1512 1713 1618 vigoris
1738 1513 1947 1590 inconcussi

531 1647 765 1722 munimenta
785 1642 967 1719 conferre.
992 1643 1075 1717 Non
1095 1642 1198 1716 enim
1223 1641 1396 1716 convenit
1418 1641 1557 1717 Christi
1582 1670 1723 1727 servos,
1747 1643 1873 1720 divino
1899 1643 1949 1720 f-

529 1775 687 1850 mulatui
713 1774 877 1857 deditos,
900 1772 1079 1877 perversis
1101 1790 1298 1875 pravorum
1319 1772 1518 1847 hominum
1541 1771 1724 1849 molestiis
1744 1772 1889 1879 agitari,
1913 1792 1949 1848 et

528 1905 736 1981 temerariis
766 1901 1026 2010 quorumlibet
1053 1900 1311 1978 vexationibus
1338 1900 1505 2008 latigari3
1530 1901 1702 1977 similiter
1734 1919 1771 1976 ct
1798 1902 1945 2006 predia,

528 2035 658 2110 usibus
683 2034 876 2110 celestium
898 2050 1128 2109 secretorum
1152 2031 1287 2117 dicata,
1309 2029 1404 2107 ullas
1429 2047 1630 2135 potentum
1648 2031 1813 2138 angarias
1834 2032 1948 2108 nichil

528 2165 668 2241 debent
692 2181 792 2239 extra
813 2164 1046 2239 ordinarium
1069 2162 1266 2238 sustinere.
1291 2160 1388 2238 Cum
1407 2161 1522 2267 igitur
1541 2163 1755 2238 communis
1775 2163 1946 2238 omnium

527 2294 767 2371 ecclesiarum
803 2323 891 2369 cura
918 2291 1029 2369 nohis
1063 2320 1234 2369 concessa
1260 2292 1324 2391 Sit,
1354 2293 1595 2368 commissum
1624 2293 1712 2383 tibi,
1745 2292 1879 2370 dilecte
1906 2294 1945 2368 in

525 2424 691 2501 Domino
714 2423 768 2501 fili
786 2424 974 2499 lohannes
995 2421 1109 2513 abba,
1136 2422 1252 2499 sancti
1274 2421 1416 2500 Bertini
1446 2422 1730 2508 monasterium,
1751 2452 1838 2499 cum
1861 2452 1945 2498 om-

526 2555 639 2631 nihus
659 2555 706 2629 ad
727 2554 849 2658 ipsum
870 2553 1162 2658 pertinentibus,
1192 2552 1240 2630 ad
1260 2552 1446 2659 exemplar
1467 2554 1775 2657 predecessorum
1796 2572 1943 2631 nostro-

527 2715 628 2775 rum,
647 2685 686 2759 in
704 2684 802 2761 beati
818 2683 917 2759 Petri
935 2701 972 2759 et
987 2701 1153 2760 nostram
1168 2683 1325 2760 tutelam
1342 2684 1689 2790 protectionemque
1704 2684 1942 2788 suscipimus,

526 2831 730 2890 statuentes
756 2830 798 2889 ut
823 2814 995 2888 universa
1024 2814 1071 2888 ad
1103 2814 1205 2889 idem
1235 2814 1504 2891 monasterium
1531 2813 1697 2920 legitime
1721 2814 1945 2920 pertinentia

524 2943 629 3018 vobis
643 2941 848 3045 vestrisque
870 2941 1145 3018 successoribus
1165 2943 1290 3047 quieta
1306 2961 1508 3048 semper-et
1522 2943 1664 3020 illibata
1683 2962 1943 3047 permaneant,

524 3087 694 3176 preterea
715 3070 839 3174 ipsum
861 3071 1150 3155 monasterium,
1173 3072 1276 3177 juxta
1298 3072 1604 3175 predecessorum
1626 3092 1840 3150 nostrorum
1861 3074 1946 3152 Vic-

523 3201 616 3276 toris
631 3216 668 3275 et
681 3197 819 3275 Urbani
836 3217 872 3275 et
887 3198 1071 3276 Paschalis
1083 3200 1308 3286 sanctiones,
1324 3219 1362 3276 et
1376 3203 1565 3309 privilegia
1577 3233 1708 3281 eorum
1721 3204 1845 3281 eidem
1858 3203 1942 3284 loco

525 3330 673 3418 collata,
692 3330 729 3405 in
745 3358 810 3405 sua
820 3326 1152 3437 plenius'libertate
1166 3349 1204 3408 et
1218 3332 1454 3408 immunitate
1466 3352 1648 3439 perpetuo
1664 3353 1940 3428 conserventur,

524 3462 618 3538 adeo
640 3479 683 3537 ut
704 3461 749 3536 de
769 3477 867 3536 statu
882 3490 951 3537 suo
973 3460 1084 3547 nulli,
1108 3461 1178 3537 nisi
1198 3462 1367 3567 pontilici
1386 3491 1562 3550 romano,
1584 3466 1824 3569 respondeat,
1846 3468 1942 3543 salva

522 3609 649 3667 tamen
667 3591 917 3668 Tarnanensis
938 3591 1102 3696 episcopi
1123 3591 1302 3668 canonica
1320 3594 1538 3669 reverentia.
1559 3595 1700 3670 Pariter
1719 3596 1835 3671 eciam
1855 3624 1942 3673 con·

522 3722 717 3797 firmamus
745 3737 877 3796 cuncta
900 3720 1025 3796 eidem
1048 3720 1207 3799 cenobio
1232 3720 1474 3826 pertinentia,
1496 3739 1573 3799 tam
1596 3750 1637 3798 ea
1664 3752 1738 3829 que
1760 3725 1940 3804 hactenus

522 3851 720 3926 devotione
739 3849 914 3927 fidelium
936 3850 1077 3928 Christi
1088 3832 1172 3927 illic
1190 3850 1323 3928 collata
1339 3867 1444 3945 sunt,
1462 3881 1576 3959 quam
1596 3882 1670 3957 que
1693 3854 1869 3961 deinceps
1889 3856 1949 3935 le-=

519 3981 652 4088 galiter
678 3982 904 4060 conferenda
929 3999 1037 4069 sunt,
1065 3984 1103 4059 in
1136 3985 1247 4074 arvis,
1277 3984 1434 4091 campis,
1466 3985 1595 4092 pratis,
1627 3986 1787 4089 pascuis,
1821 3986 1936 4076 silvis,

519 4113 625 4219 aquis
641 4138 898 4220 aquarumque
912 4114 1150 4202 decursibus,
1167 4110 1413 4205 molendinis,
1432 4113 1611 4220 piscariis,
1625 4115 1739 4208 villis,
1758 4114 1936 4210 ecclesiis,

520 4243 774 4332 comitatibus,
792 4243 960 4334 familiis,
979 4243 1110 4334 vineis,
1126 4245 1319 4349 pomeriis,
1338 4244 1555 4351 cunctisque
1568 4246 1645 4322 suis
1659 4244 1865 4323 mobilibus
1880 4246 1938 4324 vel

520 4372 796 4464 immobilibus,
820 4374 931 4451 cultis
947 4373 1005 4452 v'el
1025 4373 1189 4450 incultis.
1213 4375 1352 4451 Altaria
1367 4403 1520 4482 quoque
1539 4374 1619 4462 illa,
1636 4402 1710 4481 que
1731 4376 1770 4452 in
1783 4373 1939 4454 Atreba-

519 4501 614 4578 tensi
636 4503 829 4606 parrochia
851 4504 1122 4581 monasterium
1140 4520 1305 4582 vestrum
1324 4504 1787 4615 possiderecognoscitur,
1808 4505 1938 4613 quiete

519 4631 695 4737 deinceps
726 4650 763 4708 et
792 4633 873 4709 sine
900 4632 1072 4710 molestia
1100 4635 1269 4740 qualibet
1295 4636 1402 4713 vobis
1429 4637 1634 4742 vestrisque
1662 4636 1938 4715 successoribus

519 4762 743 4867 possidenda
776 4764 1002 4839 firmamus:
1029 4763 1222 4843 ecclesiam
1250 4764 1424 4843 videlicet
1456 4767 1503 4842 de
1530 4767 1710 4857 Werlrin,
1740 4767 1935 4846 ecclesiam
