4478 5842
569 470 696 542 PARS
731 453 904 541 PRIMA.
927 509 973 521 -
994 461 1254 553 FOLQUlNl
1282 460 1376 533 ΗΒ.
1404 459 1451 531 11.
1649 464 1717 534 159

299 609 423 713 pueri,
448 626 485 685 et
503 608 687 714 mancipia
705 634 760 697 vr;
785 625 823 683 et
841 605 953 682 illum
975 604 1125 682 alodem
1140 603 1179 679 in
1195 600 1476 708 Agauesberga‚
1505 615 1543 680 ct
1565 598 1604 676 in
1625 599 1720 675 Selis

300 738 409 827 illum
426 757 593 844 pratum,
613 756 649 817 et
664 738 705 814 in
719 737 918 846 Vostringe
934 735 1044 815 illum
1057 732 1262 816 bunarium
1274 760 1342 838 per
1357 728 1484 807 omnia
1498 727 1718 820 vendantur,

299 875 337 944 et
356 869 468 944 detur
488 869 652 973 pretium
676 868 715 943 in
737 867 944 943 elemosina
967 882 1104 942 nostra.
1130 862 1288 968 Reliqua
1310 860 1436 938 omnia
1458 859 1656 937 tradantur
1674 860 1721 936 ad

298 1014 467 1073 sanctum
488 997 684 1075 Bertinum
701 996 739 1072 in
757 1013 881 1073 nostra
902 992 1147 1093 elemosina.»

889 1279 1116 1358 LXXXVI.

441 1470 534 1510 xanta
558 1469 692 1510 eolesam
715 1467 752 1508 DE
774 1469 846 1508 nort
869 1467 1006 1509 uastttc&
1027 1464 1132 1508 notun!
1155 1461 1326 1506 satt'lnonls
1349 1461 1379 1506 nt
1401 1464 1573 1506 statimne.

357 1647 422 1723 «Si
437 1645 583 1750 aliquid
603 1645 650 1719 de
670 1643 783 1720 rebus
794 1642 931 1718 nostris
947 1639 1039 1716 locis
1051 1658 1265 1718 sanctorum
1282 1644 1340 1721 vel
1357 1645 1396 1718 in
1411 1641 1617 1720 substantia
1631 1672 1721 1748 pau·
1798 1682 1845 1716 nov

299 1804 432 1882 perum
460 1773 705 1883 conferimus,
731 1772 804 1849 hoc
825 1770 935 1849 nobis
958 1770 1090 1876 procul
1113 1770 1232 1851 dnbio
1262 1773 1301 1850 in
1328 1791 1464 1853 oeterua
1486 1772 1720 1852 beatitudine

299 1903 510 1983 retribuere
524 1903 762 1982 conlidimus.
776 1899 912 1977 leciroo
929 1899 1047 1991 enirn,
1062 1899 1102 1976 in
1112 1901 1185 1977 Dei
1197 1903 1369 1997 nomine,
1383 1903 1602 1995 Goibertus‚
1619 1904 1720 1983 dono
1749 1994 1752 2000 .

300 2034 348 2110 ad
367 2033 558 2111 basilicam
584 2061 666 2138 quae
687 2048 744 2108 est
765 2046 976 2110 constructa
995 2029 1036 2105 in
1056 2028 1141 2107 loco
1167 2050 1407 2139 nuncupante
1435 2033 1615 2113 Sanctum
1640 2033 1721 2113 Sal·

300 2163 452 2264 vetoris,
475 2164 549 2242 sive
572 2160 796 2252 steneland,
821 2160 860 2237 in
891 2161 1037 2237 honore
1061 2159 1217 2239 Domini
1238 2162 1309 2240 Dei
1330 2164 1449 2243 nostri
1466 2181 1504 2241 et
1522 2163 1721 2243 salvatoris

298 2294 414 2371 Jhesu
435 2293 592 2384 Christi,
619 2318 769 2371 necnon
795 2309 832 2368 et
852 2307 986 2369 sanctre
1006 2291 1078 2368 Dei
1103 2292 1293 2398 genitricis
1311 2294 1436 2373 Maniae
1457 2308 1494 2371 et
1513 2294 1629 2372 sancti
1651 2294 1720 2370 Pe-

299 2423 348 2500 tri
367 2424 544 2529 apostoli,
568 2451 717 2501 necnon
734 2440 771 2500 et
790 2421 952 2499 aliorum
973 2421 1185 2499 multorum
1204 2440 1439 2514 sanctorum,
1462 2424 1719 2529 donatumque

301 2555 339 2629 in
356 2571 583 2660 perpetuum
600 2581 681 2630 esse
702 2552 787 2629 volo
810 2552 850 2627 in
871 2551 955 2629 loco
975 2540 1243 2656 nuncupante,
1262 2581 1375 2659 super
1393 2554 1564 2641 Ennena,
1587 2553 1717 2643 mana,

302 2709 473 2762 mansum
495 2712 507 2760 1
528 2702 567 2761 et
584 2683 742 2761 bunaria
765 2709 815 2771 υς
838 2699 876 2760 et
894 2681 1327 2789 interllenrilengahem
1344 2701 1382 2760 et
1407 2684 1718 2791 lonastingahem

223 2799 225 2804 ⁵
301 2813 459 2890 bunaria
471 2840 553 2905 xttt,
571 2830 609 2890 et
619 2810 783 2918 jornalia
799 2838 838 2888 m
854 2826 892 2888 et
912 2810 1137 2901 dimidium
1159 2828 1196 2888 et
1215 2812 1255 2888 in
1274 2811 1350 2890 alio
1366 2813 1467 2907 loco,
1487 2815 1596 2922 cujus
1614 2842 1720 2891 voca·

300 2942 436 3019 bulum
454 2959 509 3019 est
523 2941 780 3049 Hiddigareta‚
799 2958 837 3019 ct
851 2940 1024 3030 marisca,
1040 2940 1198 3041 bunaria
1211 2968 1301 3022 stru.
1320 2943 1419 3022 Sunt
1429 2943 1545 3025 simul
1561 2943 1719 3023 bunaria

300 3099 381 3162 xxx,
394 3101 479 3149 cum
493 3072 629 3178 perviis
643 3087 681 3148 et
688 3070 934 3178 wadriscapis,
945 3087 983 3149 et
994 3071 1188 3178 mancipiis
1197 3099 1245 3163 va,
1260 3073 1319 3151 his
1330 3073 1720 3153 nomin-ibuszh'rlen-

299 3200 475 3292 baldum,
488 3199 709 3290 Morsllum,
726 3200 913 3291 Breuem,
928 3199 1212 3291 ostorbertum,
1229 3201 1496 3292 notebaldum,
1516 3204 1719 3283 Wiaehas

302 3331 413 3421 dum,
434 3360 520 3407 cum
537 3328 717 3436 peculiari
738 3357 881 3408 eorum.
903 3330 989 3407 Haeo
1009 3330 1154 3422 omnia,
1176 3332 1272 3409 siout
1284 3333 1459 3439 superius
1479 3333 1623 3413 dictum
1641 3350 1715 3420 est,

300 3461 339 3535 in
360 3461 524 3566 presenti
541 3461 590 3537 ad
610 3461 735 3567 ipsum
754 3457 881 3538 locum
901 3476 1070 3538 sanctum
1087 3459 1165 3568 jam
1192 3478 1278 3538 ante
1298 3461 1463 3552 dictum,
1481 3478 1524 3539 ut
1543 3463 1718 3541 custodes

302 3590 473 3696 ejusdem
486 3588 649 3668 ecclesie
665 3591 743 3667 hoc
762 3589 944 3681 habeant,
959 3605 1128 3681 teneant,
1150 3603 1261 3695 atque
1280 3588 1514 3696 possideant,
1535 3589 1593 3668 vel
1612 3593 1718 3698 quic·

301 3721 393 3827 quid
427 3720 560 3798 exinde
593 3718 713 3798 facere
747 3718 945 3805 voluerint,
963 3718 1084 3830 libero
1111 3720 1152 3797 in
1177 3719 1375 3813 omnibus,
1406 3720 1558 3801 Christo
1591 3711 1716 3805 eidem

301 3865 454 3956 regente
483 3849 645 3925 ecclesie
670 3847 910 3954 perfruantur
925 3846 1134 3927 arbitrium.
1152 3849 1193 3927 Si
1208 3852 1414 3955 quievero,
1434 3849 1541 3960 quod
1559 3850 1716 3929 minime

302 4004 386 4070 esse,
404 3978 535 4069 credo,
559 3977 591 4053 si
610 4005 679 4083 ego
699 3978 800 4082 ipse,
822 3992 887 4053 aut
905 3975 1043 4081 aliquis
1063 3977 1111 4053 de
1130 3978 1336 4082 heredibus
1356 3997 1421 4059 aut
1441 3981 1717 4087 proheredibus

303 4105 414 4196 meis,
435 4105 504 4211 qai
514 4122 643 4181 contra
658 4105 756 4182 hanc
768 4104 963 4211 epistolam
979 4105 1192 4185 traditionis
1206 4107 1370 4216 aliqum
1385 4109 1638 4216 calumpniam
1652 4141 1716 4220 ge-

302 4258 432 4311 nerare
447 4235 740 4342 presumpserit,
762 4235 801 4313 in
820 4234 954 4343 primis
972 4234 1154 4317 iramDei-
1170 4239 1446 4347 omnipotentia
1468 4240 1650 4333 incurrat,
1677 4259 1715 4321 ct

302 4366 455 4472 iusuper
467 4365 617 4457 inierat,
635 4365 883 4476 distringente
898 4363 1012 4459 liaeo,
1022 4367 1228 4467 aurilibras
1243 4395 1278 4463 c,
1294 4370 1438 4478 argenti
1451 4371 1620 4481 pondere
1632 4399 1712 4462 noc,

303 4512 452 4574 coactus
482 4495 642 4588 exolvat3
671 4512 713 4573 et
744 4495 850 4605 qued
878 4496 1017 4602 repetit
1045 4496 1164 4577 nichil
1189 4499 1324 4592 valeat,
1354 4501 1425 4583 sed
1449 4501 1534 4582 lme-
1560 4503 1715 4584 traditio

302 4625 413 4701 lirina
425 4643 656 4731 permaneat,
672 4654 760 4704 cum
781 4624 1024 4732 stiprdatione
1038 4627 1206 4709 subnixa.

359 4752 520 4834 «betam
540 4755 580 4833 in
599 4755 734 4835 eadem
745 4754 897 4838 basilica
909 4755 1136 4837 antealtaae.
1212 4824 1216 4833 .
1340 4760 1342 4765 ’
