4388 5850
551 484 872 559 MONASTERII
899 483 1106 559 SANCTAE
1130 482 1428 554 TRINITATIS.
1626 480 1702 555 til-

285 656 372 703 cum
383 642 460 703 tota
472 625 628 712 decima,
639 642 678 702 et
690 653 775 701 cum
786 623 971 733 sexaginta
982 621 1076 698 acris
1088 640 1207 712 terrae,
1218 621 1375 698 tradidit
1385 622 1423 696 in
1434 623 1613 699 alodium.
1624 624 1701 701 Sed

284 756 372 863 quia
387 757 427 831 in
440 754 698 831 vadimonium
712 782 780 859 pro
797 782 859 831 sex
873 750 990 830 libais
1000 766 1095 844 erat,
1117 751 1203 828 Odo
1222 752 1442 828 secretarius
1461 768 1499 828 et
1515 751 1701 830 Gisleber·

284 905 346 963 tus
376 884 599 963 camerarius
626 885 745 989 ipsam
775 883 993 990 peccuniam
1014 880 1277 976 reddiderunt,
1307 881 1431 975 Quam
1458 880 1701 960 donationem

285 1033 413 1124 postea
423 1015 581 1121 predicti
596 1012 749 1091 Rodulli
765 1012 834 1091 filii
850 1013 940 1103 duo,
956 1011 1099 1090 scilicet
1112 1013 1293 1119 Rogemus
1304 1029 1341 1088 et
1350 1010 1564 1105 lietbertus,
1577 1041 1703 1119 accep

286 1145 334 1223 tis
349 1174 372 1224 x
387 1144 536 1237 solidis,
557 1176 577 1222 a
595 1142 747 1251 prelatis
765 1144 960 1222 monachis
975 1141 1224 1233 libentissime
1239 1160 1448 1220 annuentes
1463 1140 1705 1222 confirmave-

286 1290 386 1368 runt.
404 1273 621 1352 Willelmus
636 1273 749 1351 etiarn
769 1273 934 1380 lingerii‚
957 1271 1025 1349 filii
1042 1272 1205 1379 episcopi
1226 1271 1343 1364 lilius,
1365 1271 1523 1378 acceptis
1537 1299 1560 1349 x
1574 1272 1704 1362 solidis

289 1402 546 1495 denariorum,
563 1380 811 1480 libentissime
826 1401 1030 1479 annuendo
1046 1401 1295 1491 confirmavit,
1318 1417 1355 1477 et
1369 1401 1418 1477 ad
1432 1400 1547 1479 altare
1563 1401 1703 1479 Sanctae

287 1533 480 1610 Trinitatis
498 1532 741 1610 donationem
754 1548 940 1638 perpetuo
957 1530 1194 1609 retinendam
1208 1530 1374 1607 tradidit.

456 1734 582 1815 Signum
606 1734 699 1816 ipsius
716 1733 884 1795 Wncsmn.
901 1730 1201 1815 Signnm'liosoms.
1219 1730 1314 1793 fratris
1330 1732 1403 1815 ejus.
1428 1729 1554 1812 Signum
1569 1731 1704 1792 Rocmrr.

344 1917 347 1921 ἵ
500 1831 625 1917 Signum
642 1836 803 1897 iimnsarr.
823 1833 949 1916 Signum
968 1834 1100 1905 domm,
1120 1835 1221 1896 matris
1242 1855 1353 1896 eorum.
1375 1834 1495 1896 Testes:
1512 1833 1706 1900 Wrnnmaos.

419 1960 422 1964 ·
501 1936 579 1998 iilius
594 1936 750 2004 Anscheria
766 1936 1091 1998 Wrncsmmancnsr.
1110 1935 1152 1997 Ex
1163 1937 1293 1998 nostris:
1313 1936 1496 2003 Rozmmosa
1513 1935 1706 2002 wmarus.

504 2038 592 2100 irater
594 2042 661 2123 jus:
675 2039 842 2109 chsnoos,
855 2038 1001 2107 senescalz
1016 2038 1207 2109 Bnassaoos.
1222 2058 1316 2101 meus.

890 2327 1110 2407 xxxvlt.

351 2537 511 2645 Liqueat
531 2538 709 2617 omnibus
733 2555 867 2617 sanctae
889 2539 960 2617 Dei
979 2537 1144 2617 ecclesiae
1165 2537 1360 2629 fidelibus,
1386 2537 1511 2645 quod,
1539 2563 1637 2614 anno
1663 2534 1709 2612 ab

296 2667 550 2746 incarnatione
566 2670 719 2748 Domini
741 2696 859 2761 mnn,
880 2667 1111 2749 Guillelmus
1128 2670 1175 2748 de
1194 2671 1390 2757 vernoun,
1412 2698 1499 2747 cum
1515 2663 1620 2775 patre'
1642 2680 1710 2746 suo

296 2799 450 2883 nomine
466 2800 640 2905 Hugone,
659 2799 785 2879 Sancti
799 2798 1069 2907 Wandregisili
1085 2800 1286 2888 monacho,
1298 2799 1347 2877 ad
1362 2801 1503 2878 Sanctae
1518 2798 1711 2875 Trinitatis

295 2930 567 3038 Rotomagense
578 2957 698 3035 usque
709 2929 1058 3017 nasamonium,
1074 2947 1113 3007 et
1122 2929 1176 3007 ibi
1190 2929 1363 3008 adomno
1376 2929 1510 3009 abbate
1523 2927 1708 3018 Rainerim

297 3057 456 3162 acceptis
477 3083 549 3136 xxx
569 3057 675 3153 libris
699 3049 959 3161 denariorum,
978 3037 1141 3167 prataet
1162 3059 1370 3139 reditiones
1387 3087 1521 3138 eorum
1545 3075 1709 3148 cunctas,

297 3215 397 3293 qua,
415 3216 501 3264 cum
523 3188 602 3265 suis
624 3186 957 3297 militibns‚fapud
977 3177 1259 3288 Martinrillam‚
1282 3189 1515 3295 possidebat,
1542 3188 1713 3267 vendidit

298 3318 333 3394 ei
355 3317 394 3393 in
413 3336 633 3425 perpetuam
648 3320 916 3412 hereditatem,
934 3320 1079 3411 clericis
1094 3320 1253 3426 quidem
1266 3349 1310 3397 ac
1329 3320 1449 3408 laicis,
1473 3319 1544 3397 hac
1558 3346 1712 3425 precau-

295 3448 399 3551 tione
414 3449 632 3542 nominatis,
653 3449 709 3528 illi
733 3479 781 3552 ex
800 3468 962 3559 utroque
976 3451 1094 3539 latere
1113 3449 1337 3541 astantibus,
1366 3447 1433 3554 qui
1457 3448 1572 3525 etiam
1595 3445 1711 3553 hujus
1814 3550 1819 3566 .

298 3577 402 3654 modi
422 3577 648 3656 venditionis
668 3579 828 3659 veridici
841 3596 881 3656 et
898 3606 1000 3657 nunc
1020 3594 1058 3655 et
1080 3604 1241 3685 semper,
1262 3605 1505 3684 quocumque
1530 3605 1627 3684 opus
1647 3577 1710 3668 sit,

297 3723 413 3783 testes
432 3723 554 3785 erunt.
578 3706 686 3783 ldem
704 3708 783 3812 ipse
800 3707 1022 3793 Willelmus
1034 3706 1205 3787 vendidit
1221 3707 1346 3785 eidem
1362 3705 1493 3793 ¹abbati
1519 3723 1558 3785 et
1581 3735 1713 3785 mona-

299 3835 378 3911 chis
405 3836 487 3943 ejus
511 3836 752 3914 medietatem
776 3839 995 3944 supradictae
1026 3836 1122 3917 villae
1154 3838 1338 3946 quaesibi
1367 3839 1454 3948 jure
1483 3837 1712 3919 hereditario

300 3963 553 4071 competebat,
590 3993 676 4041 cum
702 3967 881 4066 omnibus
908 3967 1136 4074 appenditiis
1160 3967 1255 4057 suis,
1283 3986 1474 4046 annuente
1499 3986 1537 4046 et
1562 3968 1714 4074 propria
1731 3970 1783 4079 ¹*-

301 4121 416 4169 manu
439 4088 683 4171 confirmante
706 4094 779 4172 hoc
799 4092 1017 4191 Wiilelmo,
1030 4074 1338 4205 Normannorum
1356 4094 1523 4177 conside.
1815 4088 1819 4095 ⁵

456 4249 591 4375 ‘Signum
611 4293 785 4363 Wrnnnmrr.
810 4297 933 4358 comitis.
964 4279 1088 4381 Signum
1115 4298 1297 4368 nissimi,
1321 4296 1482 4375 eomitissa„
1508 4294 1633 4380 Signum
1655 4297 1712 4358 Ho-

510 4413 595 4456 noris
616 4394 821 4458 Vernonensis.
841 4397 966 4480 Signum
986 4399 1160 4469 wanincus.
1183 4399 1237 4461 filii
1257 4400 1329 4485 ejus.
1351 4399 1477 4483 Signum
1499 4399 1640 4471 limiam,
1661 4399 1714 4461 iiiii

509 4495 681 4574 Gisleberti,
706 4501 830 4561 comitis.
864 4500 991 4584 Signum
1020 4503 1175 4573 Turonos,
1208 4502 1347 4564 hostiarii.
1380 4501 1505 4585 Signum
1531 4502 1713 4570 Wmuonrs.

510 4597 647 4660 monachi
661 4598 760 4663 Sancti
778 4600 922 4666 Audoeni.
936 4603 1056 4668 Testese
1072 4605 1240 4676 bresanus,
1255 4603 1400 4700 senescal3
1411 4605 1599 4675 brissanus,
1612 4624 1713 4670 cocum

510 4699 667 4762 Ossmros
683 4699 883 4767 Bsoscosrnn.

1465 4931 1504 4995 56
