4478 5842
531 460 602 536 tta
1036 458 1438 532 GHARTULARIUM

532 604 655 679 denda
675 632 799 680 coram
821 602 979 679 testibus
999 601 1125 692 trad03
1153 618 1190 677 et
1211 629 1258 677 ne
1280 601 1364 708 quis
1384 601 1521 677 horum
1548 600 1793 676 calumniator
1819 602 1949 677 existat

399 776 402 783 ³
529 733 742 838 aliquando,
765 733 922 839 predicti
945 732 1089 810 domini
1117 732 1192 807 mei
1223 748 1259 807 et
1285 760 1378 807 meae
1403 730 1675 836 subscriptione
1703 758 1837 807 manus
1862 760 1949 807 con-

530 865 651 941 firmo.

582 1094 584 1099 .
696 1046 820 1125 Signum
836 1043 1002 1112 Romnum,
1019 1044 1141 1104 comitis.
1164 1043 1289 1125 Signum
1310 1042 1470 1111 Gozncuu,
1492 1044 1676 1103 vicecomitis.
1700 1041 1824 1125 Signum
1841 1044 1946 1103 Eunt-

739 1167 826 1214 cruat,
851 1147 1076 1206 vicecomitissae.
1106 1145 1231 1226 Signum
1263 1145 1418 1214 Raruruu,
1452 1145 1624 1215 monachi¹;
1655 1148 1772 1227 signum
1805 1145 1946 1212 Etutam,

738 1247 910 1317 monachi²,
931 1250 983 1331 qui
1004 1249 1064 1309 haec
1085 1250 1184 1309 omnia
1200 1261 1373 1332 receperunt
1390 1249 1445 1309 sibi
1466 1247 1572 1309 tradita
1595 1250 1657 1310 vice
1671 1259 1836 1309 ceterorum
1851 1269 1949 1308 mona·

738 1351 870 1411 chorum.
895 1349 941 1410 Ad
965 1350 1021 1411 hoc
1043 1362 1129 1412 testes
1151 1352 1291 1434 :signum
1311 1352 1472 1419 Duorum,
1492 1352 1648 1434 prepositi;
1670 1353 1789 1434 signum
1813 1349 1948 1411 Ronucrt

740 1453 877 1521 Bouron,
889 1454 940 1535 qui
951 1474 984 1512 ca
997 1452 1186 1512 tradiderunt.
1194 1453 1319 1533 Signum
1330 1452 1465 1513 Aurum.
1475 1452 1599 1534 Signum
1612 1454 1764 1513 Hearonm
1775 1453 1811 1512 de
1822 1452 1948 1512 limeisi.

739 1555 863 1635 Signum
882 1554 1018 1614 Rouumu
1035 1555 1161 1614 ancnr.
1185 1553 1309 1637 Signum
1329 1556 1484 1617 Satuvam.

1174 1840 1301 1912 XXV.

585 2036 812 2114 Guillelmus
833 2050 871 2109 et
887 2032 1141 2122 Gislebertus,
1158 2033 1226 2109 filii
1240 2030 1463 2121 Godelredi,
1481 2031 1688 2110 Arcbarum
1703 2035 1946 2123 vicecomitis,

530 2195 597 2272 pro
618 2165 791 2241 societate
810 2163 929 2239 nostri
949 2164 1165 2240 monasterii
1188 2177 1226 2241 et
1244 2193 1313 2272 pro
1334 2191 1412 2239 uuo
1432 2190 1530 2271 equo
1551 2165 1696 2271 optimo
1717 2193 1759 2241 ac
1780 2167 1949 2242 denario-

529 2326 612 2373 rum
640 2324 716 2373 non
740 2321 853 2402 parvo
877 2321 1055 2385 numero,
1077 2294 1144 2372 sed
1169 2313 1207 2372 et
1231 2294 1313 2372 aliis
1335 2294 1625 2400 quamplurimis
1652 2295 1806 2385 debitis,
1835 2298 1950 2372 tradi·
2003 2372 2006 2377 .

530 2428 669 2503 derunt
697 2443 735 2502 et
759 2425 950 2502 dederunt
975 2424 1015 2500 iu
1038 2424 1163 2502 alodio
1189 2426 1383 2503 monacbis
1408 2427 1550 2502 Sanctae
1575 2425 1769 2503 Trinitatis
1796 2455 1948 2503 omnem

529 2575 665 2634 terram
688 2585 802 2662 quam
825 2574 919 2633 tuuc
941 2548 1122 2633 tenebant
1142 2585 1185 2634 ex
1205 2551 1294 2662 ipsis
1316 2557 1356 2632 in
1380 2546 1574 2635 Montvilla
1597 2557 1674 2633 duo
1702 2557 1787 2642 viri,
1810 2558 1949 2635 scilicet

505 2686 734 2779 ‚Droelinus
763 2685 947 2790 presbiter
971 2703 1009 2762 et
1032 2685 1127 2764 alter
1150 2687 1372 2774 Droelinus3
1399 2686 1465 2763 sed
1495 2706 1533 2762 et
1559 2705 1699 2763 terram
1727 2717 1747 2762 a
1773 2686 1856 2764 loco
1886 2690 1949 2793 qui

532 2818 647 2894 Carus
671 2816 768 2923 Ager
800 2816 937 2893 dicitur
963 2846 1082 2922 usque
1106 2819 1153 2893 ad
1176 2818 1372 2895 fluviolum
1397 2817 1512 2895 Clarae
1541 2836 1812 2924 nuncupatum.
1842 2822 1950 2895 Facta

531 2965 619 3025 sunt
639 2950 717 3023 bac
737 2975 834 3023 anno
855 2945 901 3022 ab
922 2948 1179 3026 incarnatione
1201 2975 1239 3026 tt.
1262 2977 1294 3025 1..
1317 2975 1424 3038 vum,
1447 2947 1577 3025 multis
1592 2949 1677 3025 viris
1697 2948 1949 3054 presentibus,

532 3106 693 3184 quorum
716 3077 863 3184 aliquos
882 3079 1053 3183 superius
1073 3080 1345 3157 annotavimus.

720 3258 845 3340 Signum
857 3259 1029 3328 winmn,
1043 3259 1098 3320 lilii
1108 3258 1273 3322 Godelredi.
1286 3259 1412 3341 Signum
1424 3259 1620 3328 Gistansarr,
1636 3259 1730 3321 fratris
1741 3264 1813 3343 ejus.
1828 3230 1951 3343 Signum

741 3361 875 3423 Osncuvv
902 3362 938 3424 de
965 3362 1073 3425 Alberti
1095 3363 1179 3425 Villa.
1204 3362 1329 3445 Signum
1356 3363 1508 3430 Ronucrr,
1534 3366 1629 3447 coqui.
1657 3363 1781 3444 Signum
1811 3364 1951 3433 itionum,

743 3461 903 3525 senescalli.

1165 3717 1318 3792 XXVI.

592 3909 893 4004 Quidammiles
916 3909 1071 3986 nomine
1096 3908 1296 4001 flodulfus,
1332 3910 1555 4017 cognomine
1586 3909 1765 4001 Hacchet‚
1797 3936 1949 3986 omnem
2017 3893 2039 3929 ⁸

534 4061 670 4118 terram
691 4070 805 4149 quam
824 4041 865 4116 in
885 4038 1080 4119 Montvilla
1098 4041 1145 4116 de
1161 4039 1376 4129 Willelmo,
1397 4040 1479 4118 filio
1502 4038 1707 4119 Godefredi
1727 4039 1954 4117 vicecomitis

532 4172 702 4265 tenebat,
719 4172 914 4251 monachis
929 4172 1072 4249 Sanctae
1088 4169 1283 4248 Trinitatis
1301 4198 1369 4276 pro
1384 4170 1517 4248 animae
1536 4200 1612 4250 suae
1631 4171 1801 4249 remedio
1822 4170 1861 4245 in
1882 4170 1955 4246 alo·

577 4389 583 4418 ¹
608 4391 775 4461 Raiuerius,
796 4391 972 4463 monachus,
990 4403 1090 4476 postea
1111 4412 1213 4452 secun·
1271 4413 1323 4475 per
1347 4391 1460 4452 Divum.
1488 4391 1549 4451 Hoc
1572 4392 1783 4451 monasterium
1808 4388 1953 4454 Lezeliu'a,

516 4554 518 4559 ,
533 4493 588 4552 dus
597 4492 685 4552 abbas
693 4492 969 4564 SanctoeTrinitatis,
979 4495 1117 4557 successit
1127 4494 1214 4557 lsem·
1272 4515 1343 4554 uxor
1363 4491 1520 4561 willelmi,
1536 4493 1651 4553 comiu's
1667 4492 1826 4559 Aucensis,
1850 4490 1954 4552 lunda·

487 4677 489 4681 Ι
534 4595 703 4656 bertocirca
719 4617 831 4657 annum
851 4598 939 4660 1050.
979 4633 982 4636 ·
1271 4610 1357 4659 verat.
1386 4595 1478 4677 (Vide
1497 4595 1672 4657 Onleticum
1690 4593 1777 4656 Vital.
1799 4593 1878 4676 apud
1895 4592 1955 4653 Du·

576 4695 585 4726 ¹
609 4697 768 4770 Einardus,
790 4698 966 4770 monachus,
988 4713 1140 4783 provectus
1157 4713 1213 4770 est,
1272 4700 1372 4762 chesn.
1385 4681 1648 4761 HistonNormanu.
1661 4697 1789 4781 Scriptor.
1803 4717 1868 4779 pag.
1883 4697 1956 4762 5tt-

537 4823 613 4862 anno
633 4800 726 4870 rolrb,
747 4802 783 4862 ad
804 4801 950 4862 abbatiam
965 4801 1063 4865 Sancti
1074 4802 1214 4865 Petri-su·
1273 4804 1358 4884 aas.)
