4478 5842
448 505 576 613 PARS
602 503 798 576 TERTIA.
818 545 869 558 -
886 504 1313 578 CONTINUATORES
1341 506 1564 580 SIMONIS.
1640 506 1713 577 555

299 644 413 722 tentis
431 645 500 724 Dei
523 663 560 723 et
574 644 1043 751 beatorumapostolorum
1063 622 1222 724 Petri-et
1242 646 1351 724 Pauli·
1366 674 1406 723 se
1424 646 1567 723 noverit
1589 646 1714 721 incur-

297 802 439 851 surum.

356 905 522 982 «Datum
542 908 708 992 Verone,
729 907 841 982 tertio
862 905 949 981 idus
964 908 1153 1013 augusti.»

919 1180 1107 1254 XXXVI.

573 1364 610 1402 DE
632 1362 723 1404 snam
745 1361 916 1410 arnasano,
938 1360 1096 1402 sermm
1118 1360 1211 1403 HUIUS
1233 1361 1296 1402 wel
1320 1358 1440 1401 ΙΟΝΑΕΟ.

361 1524 553 1628 vTempore
580 1523 694 1628 hujus
723 1521 890 1610 abbatis,
920 1550 1018 1599 anno
1048 1521 1165 1628 gratie
1194 1535 1235 1598 sr⁰
1261 1535 1296 1597 0⁰
1320 1518 1550 1627 octogesimo
1575 1519 1713 1610 tercio,

301 1653 488 1759 exemplar
501 1670 540 1730 et
551 1653 749 1759 speculum
763 1651 881 1730 totius
898 1652 1116 1741 sanctitatis,
1137 1677 1223 1728 vere
1232 1651 1404 1758 penitens
1417 1649 1549 1727 beatus
1561 1649 1718 1725 Bemar-

301 1786 387 1872 dus,
406 1784 544 1862 Montis
561 1783 751 1862 Pessulani
766 1782 960 1889 quondam
975 1783 1079 1870 civis,
1100 1782 1272 1888 deposito
1286 1810 1402 1859 onere
1417 1781 1552 1871 carnis,
1570 1808 1719 1885 suscep-

298 1933 359 1992 tus
374 1932 429 1991 est
449 1914 495 1990 ab
510 1915 650 2020 angelis
664 1948 675 2003 3
694 1942 830 2019 quem,
852 1922 1006 2018 propter
1017 1913 1137 1988 multa
1149 1940 1224 2017 que
1239 1894 1373 2018 in⁰ejus
1389 1913 1497 1991 obitu
1514 1931 1719 1992 evenerunt

299 2045 495 2134 miracula,
517 2044 677 2151 collegio
695 2061 909 2121 sanctorum
927 2060 1166 2150 aggregatum
1189 2070 1269 2120 osse
1284 2043 1500 2148 simplicitas
1519 2046 1639 2122 credit
1659 2073 1719 2120 ec—

300 2175 422 2252 clesie.
444 2175 566 2282 Cujus
585 2174 850 2280 penitentiam,
866 2191 975 2251 actus
993 2191 1031 2250 et
1044 2172 1240 2260 miracula,
1261 2172 1292 2249 si
1311 2173 1397 2280 quis
1410 2201 1520 2251 nosse
1537 2173 1716 2259 voluerit,

300 2306 493 2383 extant-de
516 2306 562 2382 iis
580 2305 787 2394 volumina,
805 2305 1006 2410 inquibus
1023 2305 1189 2382 seriatim
1209 2305 1280 2382 hec
1299 2304 1426 2382 omnia
1442 2305 1638 2382 addiscere
1651 2331 1720 2409 po-

297 2454 397 2513 tent.

894 2649 1109 2724 XXXVII.

538 2832 680 2886 Qusatrstt
705 2831 859 2875 varnerus
878 2832 970 2875 muns
991 2832 1080 2873 nmr
1102 2832 1233 2875 MIHI!
1253 2833 1287 2874 u
1310 2830 1477 2876 arvernos.

356 3012 531 3090 Flandrie
546 3041 671 3090 comes
684 3010 896 3117 Philippus,
910 3009 1137 3113 Theoderici
1150 3011 1199 3087 de
1212 3011 1384 3090 Elzachia
1395 3010 1514 3104 filius,
1529 3013 1640 3090 saluti
1654 3043 1720 3091 sue

303 3141 520 3231 consulens,
546 3143 654 3220 etde
677 3143 754 3220 suis
774 3142 871 3249 gazis
888 3139 1082 3217 ecclesiam
1105 3139 1224 3219 ditare
1247 3142 1417 3248 cupiens,
1447 3142 1537 3220 huic
1562 3144 1721 3222 cenobio

302 3272 462 3350 contulit
483 3272 522 3348 in
548 3272 811 3357 elemosinam,
839 3300 908 3378 pro
928 3298 1025 3377 pane
1047 3271 1207 3356 atrine,
1231 3272 1278 3349 ad
1299 3292 1572 3355 sacramentum
1589 3276 1723 3351 eucha-

300 3402 404 3479 ristie
420 3400 717 3496 conficiendum,
735 3402 922 3508 sexaginta
939 3401 1114 3478 stufferos
1132 3402 1323 3478 territorio
1340 3405 1522 3480 Furnensi
1539 3405 1721 3507 recipien-

301 3535 370 3613 dos
386 3535 596 3622 annuatim,
618 3551 663 3610 ut
677 3551 779 3638 patet
793 3562 862 3638 per
878 3531 974 3608 infra
989 3532 1180 3635 scriptum.

893 3803 1136 3879 XXXVIII.

917 4015 919 4018 ψ
927 3986 1091 4029 sturton.

358 4150 426 4225 «In
444 4149 599 4225 nomine
617 4163 741 4224 sancte
762 4162 800 4224 et
812 4145 1008 4226 individue
1023 4148 1218 4228 Trinitatis
1232 4142 1526 4256 imperpetuum.
1538 4152 1616 4261 Ego
1633 4154 1721 4230 Phi·
1808 4185 1816 4218 ι

301 4279 442 4385 lippus,
464 4276 641 4356 Flandrie
667 4294 704 4354 et
722 4278 966 4357 viromandie
992 4305 1136 4371 comes,
1165 4296 1298 4357 notum
1320 4307 1399 4358 esse
1418 4282 1504 4360 volo
1524 4284 1718 4367 omnibus.

300 4411 405 4514 quod
423 4437 493 4514 pro
514 4409 633 4486 salute
651 4411 778 4487 anime·
795 4436 879 4486 mee
897 4409 987 4486 dedi
1007 4410 1046 4486 in
1068 4408 1312 4487 elemosinam
1330 4410 1484 4490 ecclesie
1502 4415 1616 4494 sancti
1632 4420 1722 4496 Ber-

300 4537 372 4617 tini
388 4565 433 4615 Lx
452 4540 614 4626 solidos,
634 4540 791 4648 singulis
807 4540 915 4617 annis
932 4540 1189 4645 accipiendos,
1205 4542 1360 4629 Fumis,
1382 4543 1419 4619 in
1439 4543 1626 4623 dominica
1642 4550 1722 4654 pal-

302 4696 467 4760 marum,
489 4697 533 4745 ex
549 4668 818 4750 offitio-Leontii
832 4670 981 4755 notarii.
997 4672 1062 4749 De·
1074 4671 1154 4750 istis
1171 4700 1259 4750 vero
1275 4662 1438 4751 denariis
1456 4677 1584 4763 statui,
1606 4695 1649 4754 ut
1669 4709 1724 4755 so·

303 4800 507 4877 lummodo
517 4817 768 4907 procurentur
782 4801 911 4879 vinum
928 4817 966 4878 et
978 4801 1086 4907 panis
1100 4802 1149 4881 ad
1160 4800 1433 4881 confitiendum
1449 4824 1720 4885 sacramentum

1494 4938 1544 5002 [15.
