4478 5842
338 477 411 547 516
682 476 1096 553 CHA'RTULARIUM
1122 474 1405 553 smunttstt.

335 615 489 692 ecclesia
502 616 551 694 ab
562 615 762 724 Amrdpho
777 619 826 695 de
838 619 994 711 Vuenti,
1010 633 1048 694 et
1060 615 1144 695 aliis
1155 618 1266 696 terris
1278 614 1553 725 adjacentibus,
1568 614 1753 695 allodium

333 747 438 852 qnod
453 747 739 829 Clarembaldtts
759 750 867 826 dedit
885 750 925 825 in
940 745 1026 825 villa
1040 748 1307 858 Enstinghem,
1330 747 1525 828 ecclesiam
1540 744 1752 840 de‘Coeha,

334 876 527 972 ecclesiam
541 877 588 955 de
601 877 733 955 Helcin
744 906 832 954 cum
844 876 942 954 villis
953 906 1100 965 earum,
1123 895 1161 955 et
1174 878 1753 984 quodex'donolobannisbone

333 1008 533 1095 memorie,
550 1009 777 1086 Morinensis
789 1008 969 1114 episcopi,
987 1010 1026 1085 in
1038 1007 1194 1085 ecclesia
1207 1009 1255 1086 de
1265 1007 1400 1090 annas
1411 1009 1627 1116 possidetis3
1641 1009 1754 1088 ecole-

333 1138 424 1212 siam
445 1139 492 1215 de
508 1141 673 1216 Locanes
689 1157 726 1216 et
745 1140 927 1246 Aequina,
938 1139 1142 1217 ecclesiam
1159 1139 1207 1220 de
1225 1139 1374 1217 Hunela
1395 1166 1481 1218 cum
1500 1140 1633 1218 endem
1644 1138 1750 1227 villa,

333 1267 447 1345 altare
468 1269 516 1346 de
532 1270 740 1361 Mercbem,
763 1269 868 1374 qnod
887 1267 1318 1348 venerabilis-lohannes
1337 1270 1533 1377 episcopus
1545 1267 1653 1346 tobis
1666 1295 1754 1344 con-

334 1399 453 1475 cessit.
475 1400 518 1475 ln
532 1400 770 1477 Noviomensi
791 1399 1003 1504 parrochia,
1024 1399 1163 1476 Canete
1179 1398 1346 1502 Curtim,
1367 1399 1408 1476 id
1429 1415 1485 1478 est
1498 1396 1694 1484 Calmunt3
1705 1398 1753 1473 vin

332 1529 575 1616 Tornacensi,
602 1528 795 1605 ecclesiam
817 1529 864 1603 de
889 1529 1116 1617 Roleshem,
1141 1529 1335 1605 ecclesiam
1358 1531 1407 1607 de
1427 1529 1681 1637 Edingebetn,
1705 1529 1753 1605 de

331 1659 546 1748 Vestlerke,
567 1675 605 1734 et
621 1658 804 1734 decimam
825 1657 873 1733 de
889 1656 1158 1748 Claneskerle;
1181 1656 1375 1735 ecclesiam
1395 1659 1444 1736 de
1464 1658 1752 1768 llildingehem,

331 1787 525 1864 ecclesiam
544 1789 590 1864 de
603 1789 776 1896 Lisnega,
791 1786 985 1866 ecclesiam
1005 1788 1053 1865 de
1069 1787 1335 1895 Snelgelrerke,
1350 1780 1545 1866 ecclesiam
1563 1787 1611 1864 de
1623 1789 1755 1865 Emin-

329 1918 482 2022 gehem,
499 1919 693 1996 ecclesiam
704 1920 752 1996 de
763 1918 1013 1996 Bovenkerlrc.
1030 1920 1073 1994 ln
1086 1916 1322 1996 Atrebatensi
1332 1919 1542 2024 parrochia,
1556 1917 1751 1996 ecclesiam

208 2144 213 2156 ·
331 2048 378 2122 de
392 2048 545 2136 Verlin,
561 2048 755 2127 ecclesiam
771 2049 817 2125 de
828 2047 1014 2140 Salomes,
1031 2046 1226 2125 ecclesiam
1240 2048 1395 2154 Hautay'.
1409 2047 1656 2124 lntemitorio
1666 2049 1754 2124 Fur-

331 2181 457 2271 nensi,
485 2180 724 2287 berquariam
744 2180 991 2288 quadraginta
1010 2177 1211 2270 librarum,
1232 2205 1346 2285 qnam
1369 2176 1530 2256 Carolus
1549 2171 1657 2255 dedit
1682 2204 1753 2285 pro

331 2311 455 2386 anima
467 2311 641 2389 Balduini
663 2312 829 2397 comitis,
850 2328 889 2387 et
907 2327 1047 2387 terram
1066 2310 1114 2388 de
1134 2309 1243 2401 Buri,
1263 2334 1377 2416 quam
1400 2306 1555 2386 ecclesia
1573 2324 1692 2385 vestra
1712 2311 1752 2386 in

289 2437 291 2440 ⁴
329 2440 541 2518 Belvacensi
563 2469 658 2549 pago
677 2442 869 2547 possidere
892 2441 1141 2549 cognoscitur.
1163 2441 1205 2517 In
1226 2438 1445 2517 Coloniensi
1463 2438 1676 2546 parrochia,
1700 2469 1753 2516 ec·
1772 2436 1812 2509 ’.

330 2572 480 2649 clesiam
495 2574 542 2649 de
553 2573 737 2665 Frelrene,
754 2571 949 2659 ecclesiam
960 2572 1008 2649 de
1019 2569 1251 2678 Gildcstorp‚
1265 2597 1351 2647 cum
1367 2566 1593 2677 appenditiis
1606 2592 1749 2647 earum.

328 2705 384 2778 Ex
408 2704 546 2812 quibus
565 2706 862 2811 precipimus-'ut
881 2702 986 2781 nulla
1008 2729 1076 2810 per
1101 2703 1297 2808 episcopos
1319 2701 1380 2779 vel
1399 2728 1533 2779 eorum
1560 2699 1754 2779 ministros

331 2836 471 2911 exactio
491 2836 725 2941 quibuslibet
740 2836 997 2914 occasionibus
1014 2834 1193 2943 exigatur,
1209 2833 1319 2911 salvis
1338 2833 1601 2940 episcoporum
1618 2833 1753 2911 annuis

331 2965 561 3055 redditibus;
577 2966 771 3042 ecclesiam
784 2994 937 3072 qnoque
950 2966 999 3042 de
1010 2965 1182 3052 Coclers,
1191 2992 1306 3072 quarn
1318 2963 1523 3050 Baldricus,
1537 2964 1753 3041 Tornacen-

332 3097 382 3170 sis
401 3068 555 3172 ecclesie
570 3097 782 3200 episcopus,
801 3098 1003 3174 Lamberto
1015 3096 1116 3174 bone
1134 3084 1318 3175 memorie
1336 3095 1481 3185 abbati,
1498 3093 1652 3202 suisque
1669 3122 1753 3172 suc-

326 3224 561 3316 cessoribus,
579 3225 846 3314 ordinandam,
866 3255 941 3302 una
962 3255 1049 3303 cum
1067 3222 1174 3305 altari
1190 3227 1238 3305 de
1252 3225 1420 3318 Rusleta,
1439 3224 1545 3303 omni
1561 3224 1752 3303 exactione

331 3356 489 3435 liberam
502 3357 654 3444 tribuit,
669 3374 796 3463 preter
806 3357 939 3434 decem
947 3357 1090 3436 solidos
1102 3358 1357 3444 denariorum,
1373 3356 1452 3464 qui,
1463 3339 1751 3465 singuhsannis,

327 3488 378 3563 'de
389 3488 540 3564 Rusleta
551 3487 1019 3593 episcopopersolvuntur3
1033 3488 1293 3575 totum'eciam
1304 3487 1387 3564 atrii
1401 3487 1576 3593 spatium,
1589 3483 1693 3593 quod
1703 3486 1752 3564 ab

332 3620 436 3694 omni
455 3635 559 3724 parte
574 3617 727 3694 basilice
753 3635 870 3696 vestre
891 3647 1010 3726 usque
1023 3619 1076 3695 ad
1092 3618 1263 3696 medium
1279 3617 1461 3726 Agnionis
1478 3616 1583 3693 {bivii
1598 3639 1751 3693 cursum

331 3751 541 3856 interjacet,
559 3778 644 3824 cum
660 3749 827 3854 piscariis
840 3751 941 3826 Mera
957 3768 995 3827 et
1010 3749 1144 3839 Grath,
1162 3749 1311 3826 Mardic'
1322 3765 1360 3826 et
1371 3749 1643 3858 stranguere
1654 3747 1752 3824 Lau-

331 3882 418 3988 gha,
444 3898 481 3957 et
500 3880 610 3957 terris
630 3880 906 3989 adjacentibus,
929 3880 1040 3959 cultis
1058 3879 1117 3957 vel
1137 3879 1308 3972 incultis,
1330 3881 1427 3958 sicut
1447 3879 1753 3987 antiquitns'pos

331 4013 471 4089 sidetis.
490 4012 631 4088 Iterum
651 4011 691 4087 in
706 4005 899 4118 parrochia
913 4010 1157 4099 Tarnanensi,
1178 4010 1372 4089 ecclesiam
1388 4009 1436 4087 de
1451 4008 1619 4099 Osclara,
1637 4007 1752 4086 eccle·

322 4133 422 4218 siam
445 4142 494 4219 de
513 4142 769 4233 Vuamestim,
784 4137 986 4218 ecclesiam
1007 4157 1133 4219 sancte
1155 4139 1287 4232 Mario,
1311 4168 1387 4247 que
1406 4139 1546 4216 dicitur
1562 4135 1753 4248 Eggaffidi

324 4274 490 4379 capella,
505 4273 699 4350 ecclesiam
716 4273 763 4350 de
776 4271 1016 4349 Haveslierke.
1033 4271 1171 4349 Prolati
1183 4298 1337 4378 quoque
1346 4267 1621 4377 predecessoris
1634 4269 1752 4346 nostri

323 4404 508 4512 vestigiis·
522 4405 755 4495 inherentes,
782 4403 1098 4510 concordiamque
1123 4403 1222 4482 inter
1245 4401 1489 4480 lambertum
1512 4378 1752 4508 predecesso-

331 4534 409 4611 rem
426 4551 554 4624 tuum,
571 4533 707 4610 dilecte
727 4535 766 4608 in
782 4534 947 4612 Domino
963 4532 1035 4627 fili,
1056 4534 1135 4611 Leo
1152 4532 1283 4625 abbas,
1304 4551 1344 4610 et
1358 4528 1751 4624 Evcmrdnm,'filinrtr

331 4663 491 4746 Odberti
514 4664 563 4741 de
586 4662 778 4752 Helcinio,
800 4692 913 4771 super
931 4663 1036 4743 altari
1058 4662 1230 4773 ejusdem
1248 4663 1336 4741 ville
1355 4680 1394 4741 et
1413 4662 1567 4771 capellis
1589 4661 1686 4755 suis,
1704 4661 1750 4738 in

329 4796 519 4904 presentia
529 4795 722 4880 lobannis,
736 4792 837 4871 bone
853 4794 1273 4873 memorie-Moriuntur
1287 4794 1465 4902 episcopi,
1475 4800 1516 4897 et
1525 4791 1751 4872 clericorum
