4478 5842
346 475 421 548 soa
526 519 529 524 -
694 475 1414 584 cuaurunauruusrrursuss.

346 634 402 693 est
421 645 468 692 ne
489 616 662 693 monachi
684 643 854 720 cumpro
874 615 1006 693 abbate
1024 635 1348 725 recognoscerent,
1365 646 1436 697 nec
1456 620 1490 696 ei
1506 621 1762 699 obedientiam

345 749 549 825 exiberent.
572 748 638 825 His
652 776 740 857 ergo
761 763 989 838 commotus,
1004 748 1227 852 portitorem
1244 748 1454 829 litterarum
1469 768 1508 829 et
1525 752 1761 830 recitatorem

344 879 495 985 publice
522 880 562 956 in
588 877 741 956 ecclesia
765 877 940 955 manibus
959 877 1191 958 famulorum
1216 881 1446 989 aggreditur,
1469 900 1522 975 et,
1544 882 1770 961 verberibus.

343 1007 409 1086 illo
430 1009 580 1097 allecto,
614 1008 718 1114 quasi
749 1007 795 1113 dc
825 1007 959 1114 injuria
990 1008 1108 1100 ultus,
1141 1010 1265 1086 statim
1291 1012 1498 1119 egreditur3
1530 1031 1568 1100 et
1590 1012 1762 1090 redditus

342 1139 497 1217 ecclesie
521 1138 625 1216 illius
654 1138 741 1214 anni
765 1136 836 1216 sibi
857 1167 1057 1244 usurpans,
1082 1141 1241 1217 Romam
1261 1142 1309 1217 ad
1328 1144 1481 1221 Petrum
1500 1142 1759 1248 proficiscitur,

340 1297 409 1346 nec
428 1270 589 1347 ulterius
609 1270 830 1375 comparuit.
1705 1286 1709 1291 ’

948 1505 1143 1580 CXVIII.

759 1698 796 1737 DE
817 1695 990 1742 SUCCESSORE
1013 1696 1082 1739 stus
1103 1695 1204 1740 001Νο
1224 1697 1339 1742 stuottn.
1419 1743 1425 1749 ,
1488 1753 1496 1761 .

391 1878 644 1954 Bertinienses
660 1904 767 1981 vero,
794 1892 943 1980 accepta
970 1904 991 1950 a
1015 1873 1306 1982 metropolitano
1329 1873 1497 1966 licentia,
1522 1879 1713 1984 quendam
1739 1910 1759 1956 a

300 2061 304 2071 ·
334 2036 453 2112 puero
477 1992 726 2084 nutritum'in
750 2003 886 2081 eodem
910 2004 1090 2096 cenobio,
1112 2005 1268 2083 nomine
1294 1984 1510 2100 simonem}
1529 2007 1651 2085 virum
1669 2009 1759 2087 reli-

330 2142 497 2247 giosum,
524 2138 692 2215 nobilem
717 2153 755 2213 et
773 2135 872 2212 bene
893 2135 1119 2229 litteratum,
1142 2137 1210 2215 sed
1231 2136 1484 2240 impeditioris
1503 2138 1647 2247 lingue,
1670 2140 1758 2218 sub-

164 2291 172 2322 ¹
221 2294 244 2324 ¹·
329 2272 552 2362 stituerunt,
570 2268 836 2346 incarnationis
851 2267 1040 2345 dominice
1056 2295 1153 2345 anno
1167 2295 1278 2374 supra
1294 2266 1423 2345 relato.
1442 2269 1641 2362 Quidum,
1660 2288 1757 2347 tem-

196 2468 200 2474 .
332 2431 421 2504 pore
440 2400 628 2477 Lamberti
650 2397 809 2487 abbatis,
826 2397 935 2504 jussu
956 2394 1127 2503 ejusdem
1142 2398 1273 2502 patris,
1292 2425 1362 2504 per
1380 2398 1565 2477 nonnulla
1579 2401 1609 2475 F
1610 2398 1756 2478 laudrie

326 2532 489 2609 cenobia
511 2530 685 2607 ordinem
707 2523 930 2636 corrigendo
949 2527 1234 2618 introduxisset,
1260 2527 1372 2604 etiam
1394 2527 1519 2606 eidem
1546 2529 1755 2615 infirmanti

305 2725 307 2729 ,
330 2662 611 2767 vicariusbujus
621 2659 710 2749 loci,
724 2676 769 2737 ut
783 2658 957 2766 superius
967 2659 1135 2765 positum
1146 2675 1218 2748 est,
1237 2656 1489 2735 substituitur.
1506 2659 1754 2737 Postmodum

327 2820 496 2898 quoque,
514 2809 687 2895 tempore
708 2790 890 2868 lobannis
913 2789 1058 2867 abbatis
1078 2787 1301 2898 supradicti,
1325 2804 1411 2894 post
1431 2787 1624 2895 Orionem,
1645 2818 1757 2869 vene-

327 2920 486 2996 rabilem
502 2921 756 2997 Alciacensem
779 2919 971 3011 abbatem,
993 2920 1119 2997 cidem
1137 2919 1221 2998 loco
1242 2919 1356 2998 abbas
1376 2916 1602 3028 subrogatus
1622 2939 1695 3013 est,
1719 2939 1756 3013 et

329 3074 396 3155 per
412 3049 623 3128 lobannem
640 3049 896 3126 Morinensem
913 3051 1133 3155 episcopum
1150 3067 1397 3129 consecratus.
1415 3049 1540 3144 Quam
1562 3050 1754 3129 ecclesiam

328 3209 412 3256 cum
430 3179 680 3286 quadriennio
693 3195 844 3257 strenue
860 3178 1120 3288 gubernasset,
1139 3198 1224 3287 post
1239 3208 1427 3258 recessum
1444 3178 1604 3285 predicti
1617 3181 1755 3259 Johan-

277 3409 283 3423 .
325 3312 399 3401 nis,
416 3310 534 3390 sancti
553 3309 714 3398 Bertini,
737 3309 922 3387 electione
943 3310 1137 3386 communi
1158 3310 1272 3416 hujus
1292 3310 1365 3387 loci
1382 3310 1670 3399 monachorum,
1687 3339 1755 3418 per

327 3441 508 3519 Milonem
530 3440 769 3517 Morinorum
791 3440 1017 3532 antistitem,
1040 3439 1115 3517 buc
1135 3438 1322 3519 adductus
1345 3454 1418 3529 est,
1441 3439 1620 3516 incarnati
1640 3440 1753 3519 Verbi

324 3602 422 3652 anno
447 3583 486 3650 u⁰
509 3588 545 3650 c⁰
566 3571 757 3651 tricesimo
780 3571 925 3678 primo,
948 3588 987 3648 et
1008 3572 1049 3648 in
1076 3571 1165 3649 sede
1185 3568 1380 3676 principali
1406 3568 1551 3649 abbatis
1576 3568 1755 3682 sollemp

242 3758 244 3762 ι
324 3707 422 3782 niter
441 3702 665 3793 collocatus,
688 3720 725 3778 et
741 3702 798 3778 vix
819 3687 1189 3809 quinquennio'post
1210 3703 1281 3780 bec
1305 3699 1541 3792 abbatisavit,
1559 3701 1646 3808 quia
1666 3729 1754 3778 nec-

324 3837 415 3913 dum
436 3863 630 3941 processus
655 3833 755 3909 inter
775 3860 845 3910 nos
864 3850 902 3910 et
926 3830 1192 3913 Cluniacenses
1211 3832 1356 3938 sopitus
1377 3848 1467 3908 erat.
1490 3831 1676 3925 Quocirca
1694 3834 1754 3910 ln·

324 3966 520 4044 nocentius
539 3962 849 4043 Cluniacensium
877 3963 1051 4070 petitioni
1082 3963 1283 4070 acquievit,
1307 3962 1449 4039 litteras
1474 3965 1752 4070 congregationi

324 4099 412 4174 huic
428 4095 609 4203 dirigens,
626 4111 670 4170 ut
684 4122 798 4171 suum
811 4091 991 4182 electum,
1014 4122 1092 4171 non
1106 4101 1261 4200 propter
1273 4119 1433 4200 persone
1445 4090 1750 4205 inmensitatem,

323 4228 389 4304 sed
410 4227 633 4305 electionem
653 4225 911 4312 indiscretam,
934 4224 1180 4330 deponerent.
1206 4223 1355 4320 Quibus
1376 4222 1573 4329 perlectis,
1596 4243 1752 4330 repente

269 4327 280 4350 .
323 4356 437 4433 abbas
447 4373 575 4434 noster
588 4357 712 4446 cessit,
730 4373 768 4433 et
780 4355 908 4433 locum
922 4382 989 4432 sue
1002 4354 1217 4445 nativitatis,
1236 4353 1475 4442 Gandavum‚
1489 4353 1614 4459 petiit,
1629 4383 1749 4463 usque

326 4488 365 4562 in
380 4485 526 4562 ultimis
541 4487 614 4562 vite
636 4513 701 4564 sue
723 4485 858 4564 diebus
873 4484 926 4563 ibi
945 4486 1192 4565 commordits.
