4478 5842
444 497 565 570 PARS
592 500 1312 574 TERTIA.-CONT1NUATORES
1339 500 1559 572 SlMONlS.
1635 498 1708 569 555

918 785 1090 858 XXXII.

297 980 449 1043 stertebas
471 982 713 1025 commutatores
736 985 861 1025 DUARUM
886 986 1016 1026 rannus!
1039 985 1145 1026 nectus
1172 986 1209 1024 DE
1237 983 1402 1025 LOle'GllEll
1424 981 1574 1022 GUJL'SDAM
1604 976 1714 1019 Mltl'rls

904 1089 940 1127 ΒΕ
961 1088 1109 1130 vvurtum.

357 1279 602 1371 «Alexander,
626 1284 837 1392 episcopus,
859 1313 985 1361 servus
1003 1312 1193 1362 servorum
1211 1283 1296 1373 Dei,
1320 1280 1466 1357 dilectis
1481 1277 1570 1355 filiis
1590 1277 1713 1353 abbati

302 1427 339 1483 et
359 1410 520 1514 capitulo
541 1413 655 1489 sancti
673 1414 834 1502 Bertini,
852 1414 1067 1491 salutemet
1086 1412 1328 1519 apostolicam
1339 1410 1656 1487 benedictionem.
1675 1408 1712 1484 Si

301 1540 453 1644 quando
479 1539 525 1617 ab
551 1542 750 1647 apostolica
775 1545 863 1620 sede
892 1545 1097 1651 requiritur
1123 1543 1225 1648 quod
1242 1543 1320 1648 juri
1335 1542 1541 1618 conveniat
1565 1557 1603 1615 et
1626 1566 1715 1615 con-

302 1686 429 1759 sonet,
452 1671 637 1747 honestati
658 1675 869 1777 petentium
889 1674 1085 1752 desideriis
1104 1671 1252 1749 facilem
1272 1671 1444 1749 convenit
1458 1669 1607 1776 preberi
1629 1696 1717 1745 con-

300 1827 469 1888 sensum,
493 1829 699 1908 eorumque
713 1821 810 1893 vota,
834 1804 969 1881 effectu
985 1820 1258 1909 prosequente,
1282 1800 1473 1905 compleri.
1501 1801 1576 1875 Hac
1592 1799 1716 1906 itaque

302 1931 445 2006 ratione
456 1932 619 2023 inducti,
638 1950 675 2009 et
686 1934 815 2010 vestris
824 1933 936 2039 justis
948 1933 1269 2040 postulationibus
1283 1931 1470 2021 inclinati,
1488 1931 1581 2006 duas
1595 1949 1717 2036 partes

304 2059 447 2136 decime
468 2061 515 2138 de
538 2062 762 2168 Lulinghem
780 2064 1009 2172 adjudicatas
1024 2064 1250 2141 monasterio
1270 2078 1411 2148 vestro,
1440 2076 1478 2135 et
1496 2060 1674 2169 paludem
1699 2093 1719 2136 a

302 2189 346 2267 G.
370 2191 489 2266 milite
511 2191 576 2267 des
595 2193 766 2271 Watenis
782 2193 889 2271 vobis
909 2195 947 2269 in
969 2193 1213 2271 elemosinam
1237 2192 1380 2280 datam,
1402 2191 1497 2265 sicut
1524 2218 1583 2266 eas
1606 2193 1720 2267 ratio-

302 2320 476 2397 nabiliter
491 2323 704 2425 possidetis,
723 2324 829 2400 robis
850 2342 887 2401 et
908 2325 1032 2402 eidem
1044 2320 1271 2400 monasterio
1288 2320 1506 2396 auctoritate
1519 2319 1719 2426 apostolica

301 2451 582 2542 confirmamus,
601 2471 639 2531 et
650 2456 833 2559 presentis
848 2456 973 2561 scripti
986 2454 1192 2560 patrocinio
1203 2452 1499 2528 communimus:
1516 2468 1720 2527 statuentes

303 2601 344 2659 ut
364 2585 461 2660 nulli
479 2586 633 2689 omnino
654 2586 854 2662 hominum
875 2585 984 2662 liceat
1011 2586 1108 2661 hanc
1124 2585 1298 2691 paginam
1317 2598 1441 2657 nostre
1469 2582 1722 2657 confirmatio-

302 2714 360 2788 nis
380 2714 600 2822 infringere,
632 2713 690 2792 vel
711 2717 744 2790 ei
764 2744 858 2793 ausu
876 2715 1078 2792 temerario
1098 2712 1292 2791 contraire.
1324 2711 1364 2789 Si
1393 2711 1478 2817 quis
1501 2729 1626 2786 autem
1649 2711 1720 2787 hor

303 2860 523 2950 attemptare
542 2828 827 2949 presumpserit,
850 2844 1146 2952 indignationem
1163 2843 1434 2947 omnipotentis
1450 2842 1520 2919 Dei
1541 2859 1578 2916 et
1592 2841 1722 2918 beato-

304 3004 389 3050 rum
410 2975 508 3050 Petri
529 2992 567 3050 et
586 2974 710 3066 Pauli,
736 2975 992 3081 apostolorum
1014 2973 1109 3080 ejus,
1131 3002 1169 3050 se
1190 2972 1336 3051 noverit
1355 2973 1607 3048 incursurum.

345 3114 375 3169 'r
388 3104 534 3182 Datum·
547 3105 739 3199 Laterani,
761 3120 813 3183 x1⁰
832 3105 902 3182 kal.
924 3105 1089 3182 martii.»

910 3399 1110 3473 XXXIII.

347 3600 498 3641 muman
525 3601 653 3645 EIUSDEM
682 3599 855 3646 rourtncrs,
879 3598 1020 3650 Quamrsn
1048 3598 1133 3640 touls
1156 3598 1319 3641 oottrtattar
1344 3597 1516 3639 »tumultuat
1542 3598 1571 3637 IN
1597 3597 1679 3639 BASSO

925 3699 1103 3742 mutsrrmo.

364 3917 376 3947 a
389 3879 611 3966 Alexander,
626 3879 840 3984 episcopus,
856 3906 982 3955 servus
993 3880 1282 3971 servorum'Dei,
1297 3880 1441 3956 dilectis
1452 3880 1541 3957 liliis
1553 3882 1676 3958 abbati
1689 3900 1726 3957 et

307 4010 504 4086 conventui
518 4008 802 4094 sanctiBertini‚
815 4008 974 4084 salutem
986 4025 1024 4084 et
1033 4009 1274 4113 apostolicam
1284 4009 1601 4088 benedictionem.
1612 4014 1726 4089 Justis

306 4140 517 4243 petentium
533 4138 729 4216 desideriis
745 4138 902 4246 dignum
914 4156 980 4236 est
997 4167 1066 4215 nos
1080 4140 1229 4217 facilem
1243 4140 1402 4245 prebere
1423 4169 1667 4231 consensum,
1690 4161 1728 4221 et

306 4287 405 4356 vota,
423 4299 498 4378 que
519 4270 673 4346 rationis
687 4269 836 4348 tramite
858 4297 937 4347 non
955 4269 1190 4359 discordant,
1210 4272 1345 4348 effectu
1369 4290 1456 4348 sunt
1476 4294 1726 4381 prosequente

308 4400 541 4504 complenda.
568 4403 784 4506 Eapropter,
807 4400 934 4477 dilecti
952 4401 992 4476 in
1011 4401 1176 4479 Domino
1200 4400 1289 4490 lilii,
1316 4404 1446 4480 vestris
1459 4403 1572 4510 justis
1597 4424 1728 4512 postu-

218 4573 220 4579 ·
308 4531 511 4610 lationibus
536 4550 640 4640 grato
668 4549 934 4611 concurrentes
961 4559 1134 4620 assensu,
1161 4534 1377 4612 molituram
1402 4563 1552 4613 annone
1579 4538 1626 4614 de
1656 4540 1728 4614 mi—

310 4662 489 4739 nisteriali
507 4665 607 4741 beati
628 4664 769 4740 Bertini
787 4664 826 4740 in
845 4661 934 4739 villa
952 4665 1068 4741 saneti
1092 4665 1318 4754 Audomari,
1342 4666 1439 4742 sicut
1459 4670 1727 4745 monasterium

309 4810 473 4870 vestrum
500 4795 637 4903 ipsam,
665 4823 685 4871 a
711 4793 954 4900 quadraginta
974 4811 1075 4872 retro
1095 4795 1203 4872 annis
1223 4795 1495 4873 rationabiliter
1520 4800 1726 4902 possedisse

1491 4926 1530 4989 [15

1788 1310 1818 1360 ¹9
1838 1288 1901 1343 sehr.

1765 1367 1831 1419 circo
1848 1368 1925 1419 1180.

1804 3894 1820 3947 8
1833 3902 1910 3945 mart.

1772 3966 1839 4022 circa
1856 3968 1934 4020 1180.
