<?xml version="1.0" encoding="UTF-8"?>
<!DOCTYPE html PUBLIC "-//W3C//DTD XHTML 1.0 Transitional//EN"
    "http://www.w3.org/TR/xhtml1/DTD/xhtml1-transitional.dtd">
<html xmlns="http://www.w3.org/1999/xhtml" xml:lang="en" lang="en">
 <head>
  <title>
</title>
<meta http-equiv="Content-Type" content="text/html;charset=utf-8" />
  <meta name='ocr-system' content='tesseract 3.04.00' />
  <meta name='ocr-capabilities' content='ocr_page ocr_carea ocr_par ocr_line ocrx_word'/>
</head>
<body>
  <div class='ocr_page' id='page_1' title='image "./cartulairedelab00frangoog_0146.png"; bbox 0 0 4478 5842; ppageno 0'>
   <div class='ocr_carea' id='block_1_1' title="bbox 625 482 1743 571">
    <p class='ocr_par' dir='ltr' id='par_1_1' title="bbox 625 482 1743 571">
     <span class='ocr_line' id='line_1_1' title="bbox 625 482 1743 571; baseline 0.004 -16"><span class='ocrx_word' id='word_1_1' title='bbox 625 486 751 556; x_wconf 78' lang='lat' dir='ltr'><strong>PARS</strong></span> <span class='ocrx_word' id='word_1_2' title='bbox 778 484 947 566; x_wconf 64' lang='lat' dir='ltr'><strong>PlthA.</strong></span> <span class='ocrx_word' id='word_1_3' title='bbox 965 522 1016 535; x_wconf 92' lang='lat'>-</span> <span class='ocrx_word' id='word_1_4' title='bbox 1034 482 1280 571; x_wconf 83' lang='lat' dir='ltr'><strong>FOLQUINI</strong></span> <span class='ocrx_word' id='word_1_5' title='bbox 1306 485 1398 566; x_wconf 74' lang='lat' dir='ltr'><strong>tte,</strong></span> <span class='ocrx_word' id='word_1_6' title='bbox 1426 489 1452 556; x_wconf 92' lang='lat' dir='ltr'><strong>l.</strong></span> <span class='ocrx_word' id='word_1_7' title='bbox 1697 489 1743 560; x_wconf 76' lang='lat'><strong>55</strong></span> 
     </span>
    </p>
   </div>
   <div class='ocr_carea' id='block_1_2' title="bbox 328 624 1857 2943">
    <p class='ocr_par' dir='ltr' id='par_1_2' title="bbox 328 624 1857 2943">
     <span class='ocr_line' id='line_1_2' title="bbox 328 624 1857 732; baseline 0.005 -34"><span class='ocrx_word' id='word_1_8' title='bbox 328 624 482 713; x_wconf 87' lang='lat' dir='ltr'>Domini</span> <span class='ocrx_word' id='word_1_9' title='bbox 498 625 615 703; x_wconf 87' lang='lat' dir='ltr'><strong>nostri</strong></span> <span class='ocrx_word' id='word_1_10' title='bbox 636 625 751 713; x_wconf 84' lang='lat' dir='ltr'><strong>Jhesu</strong></span> <span class='ocrx_word' id='word_1_11' title='bbox 771 624 931 713; x_wconf 79' lang='lat' dir='ltr'><strong>Christi,</strong></span> <span class='ocrx_word' id='word_1_12' title='bbox 948 652 1096 703; x_wconf 86' lang='lat' dir='ltr'><strong>necnon</strong></span> <span class='ocrx_word' id='word_1_13' title='bbox 1112 642 1150 702; x_wconf 90' lang='lat' dir='ltr'><strong>et</strong></span> <span class='ocrx_word' id='word_1_14' title='bbox 1170 624 1285 710; x_wconf 83' lang='lat' dir='ltr'><strong>sancti</strong></span> <span class='ocrx_word' id='word_1_15' title='bbox 1301 625 1400 702; x_wconf 86' lang='lat' dir='ltr'><strong>Petri</strong></span> <span class='ocrx_word' id='word_1_16' title='bbox 1422 644 1460 703; x_wconf 89' lang='lat' dir='ltr'><strong>et</strong></span> <span class='ocrx_word' id='word_1_17' title='bbox 1474 626 1579 703; x_wconf 91' lang='lat' dir='ltr'><strong>Pauli</strong></span> <span class='ocrx_word' id='word_1_18' title='bbox 1598 646 1748 732; x_wconf 78' lang='lat' dir='ltr'><strong>aposto·</strong></span> <span class='ocrx_word' id='word_1_19' title='bbox 1848 694 1857 710; x_wconf 82' lang='lat'><strong>,</strong></span> 
     </span>
     <span class='ocr_line' id='line_1_3' title="bbox 329 751 1744 863; baseline 0.004 -35"><span class='ocrx_word' id='word_1_20' title='bbox 329 751 472 863; x_wconf 87' lang='lat' dir='ltr'><strong>lorum,</strong></span> <span class='ocrx_word' id='word_1_21' title='bbox 493 754 551 833; x_wconf 92' lang='lat' dir='ltr'><strong>vel</strong></span> <span class='ocrx_word' id='word_1_22' title='bbox 570 773 789 833; x_wconf 85' lang='lat' dir='ltr'><strong>caeterorum</strong></span> <span class='ocrx_word' id='word_1_23' title='bbox 811 756 1041 834; x_wconf 90' lang='lat' dir='ltr'><strong>domnorum</strong></span> <span class='ocrx_word' id='word_1_24' title='bbox 1061 773 1274 833; x_wconf 84' lang='lat' dir='ltr'><strong>sanctorum</strong></span> <span class='ocrx_word' id='word_1_25' title='bbox 1300 771 1576 847; x_wconf 86' lang='lat' dir='ltr'><strong>constructum,</strong></span> <span class='ocrx_word' id='word_1_26' title='bbox 1598 757 1645 832; x_wconf 91' lang='lat' dir='ltr'><strong>ad</strong></span> <span class='ocrx_word' id='word_1_27' title='bbox 1660 785 1744 833; x_wconf 90' lang='lat' dir='ltr'><strong>nos-</strong></span> 
     </span>
     <span class='ocr_line' id='line_1_4' title="bbox 329 885 1749 995; baseline 0.004 -38"><span class='ocrx_word' id='word_1_28' title='bbox 329 898 424 959; x_wconf 83' lang='lat' dir='ltr'><strong>tram</strong></span> <span class='ocrx_word' id='word_1_29' title='bbox 445 887 597 963; x_wconf 90' lang='lat' dir='ltr'><strong>accessit</strong></span> <span class='ocrx_word' id='word_1_30' title='bbox 614 887 866 991; x_wconf 72' lang='lat' dir='ltr'><strong>praesentiam,</strong></span> <span class='ocrx_word' id='word_1_31' title='bbox 888 885 1097 962; x_wconf 78' lang='lat' dir='ltr'><strong>clementiae</strong></span> <span class='ocrx_word' id='word_1_32' title='bbox 1115 886 1220 994; x_wconf 86' lang='lat' dir='ltr'><strong>regni</strong></span> <span class='ocrx_word' id='word_1_33' title='bbox 1234 887 1352 963; x_wconf 78' lang='lat' dir='ltr'><strong>nostri</strong></span> <span class='ocrx_word' id='word_1_34' title='bbox 1367 886 1565 995; x_wconf 83' lang='lat' dir='ltr'><strong>suggessit,</strong></span> <span class='ocrx_word' id='word_1_35' title='bbox 1584 914 1629 965; x_wconf 88' lang='lat' dir='ltr'><strong>eo</strong></span> <span class='ocrx_word' id='word_1_36' title='bbox 1645 889 1749 993; x_wconf 93' lang='lat' dir='ltr'><strong>quod</strong></span> 
     </span>
     <span class='ocr_line' id='line_1_5' title="bbox 330 1015 1748 1121; baseline 0.004 -32"><span class='ocrx_word' id='word_1_37' title='bbox 330 1041 417 1090; x_wconf 87' lang='lat' dir='ltr'><strong>avus</strong></span> <span class='ocrx_word' id='word_1_38' title='bbox 447 1033 575 1094; x_wconf 91' lang='lat' dir='ltr'><strong>noster</strong></span> <span class='ocrx_word' id='word_1_39' title='bbox 599 1016 800 1094; x_wconf 88' lang='lat' dir='ltr'><strong>Clotharii¹</strong></span> <span class='ocrx_word' id='word_1_40' title='bbox 833 1015 1026 1121; x_wconf 87' lang='lat' dir='ltr'><strong>quondam</strong></span> <span class='ocrx_word' id='word_1_41' title='bbox 1060 1044 1139 1107; x_wconf 81' lang='lat' dir='ltr'><strong>rex,</strong></span> <span class='ocrx_word' id='word_1_42' title='bbox 1168 1017 1214 1091; x_wconf 89' lang='lat' dir='ltr'><strong>de</strong></span> <span class='ocrx_word' id='word_1_43' title='bbox 1239 1017 1418 1093; x_wconf 89' lang='lat' dir='ltr'><strong>omnibus</strong></span> <span class='ocrx_word' id='word_1_44' title='bbox 1449 1017 1653 1101; x_wconf 82' lang='lat' dir='ltr'><strong>corticellis</strong></span> <span class='ocrx_word' id='word_1_45' title='bbox 1690 1018 1748 1095; x_wconf 85' lang='lat' dir='ltr'><strong>vel</strong></span> 
     </span>
     <span class='ocr_line' id='line_1_6' title="bbox 329 1142 1748 1252; baseline 0.004 -32"><span class='ocrx_word' id='word_1_46' title='bbox 329 1142 433 1221; x_wconf 86' lang='lat' dir='ltr'><strong>villas</strong></span> <span class='ocrx_word' id='word_1_47' title='bbox 447 1145 565 1250; x_wconf 91' lang='lat' dir='ltr'><strong>ipsius</strong></span> <span class='ocrx_word' id='word_1_48' title='bbox 579 1146 797 1224; x_wconf 89' lang='lat' dir='ltr'><strong>monasterii</strong></span> <span class='ocrx_word' id='word_1_49' title='bbox 818 1146 1000 1251; x_wconf 91' lang='lat' dir='ltr'><strong>quicquid</strong></span> <span class='ocrx_word' id='word_1_50' title='bbox 1022 1146 1194 1249; x_wconf 88' lang='lat' dir='ltr'><strong>praesenti</strong></span> <span class='ocrx_word' id='word_1_51' title='bbox 1208 1163 1380 1251; x_wconf 89' lang='lat' dir='ltr'><strong>tempore</strong></span> <span class='ocrx_word' id='word_1_52' title='bbox 1396 1147 1654 1252; x_wconf 86' lang='lat' dir='ltr'><strong>possidebant,</strong></span> <span class='ocrx_word' id='word_1_53' title='bbox 1683 1166 1748 1225; x_wconf 90' lang='lat' dir='ltr'><strong>aut</strong></span> 
     </span>
     <span class='ocr_line' id='line_1_7' title="bbox 329 1273 1748 1384; baseline 0.005 -36"><span class='ocrx_word' id='word_1_54' title='bbox 329 1273 453 1363; x_wconf 84' lang='lat' dir='ltr'><strong>adbuc</strong></span> <span class='ocrx_word' id='word_1_55' title='bbox 472 1276 637 1368; x_wconf 89' lang='lat' dir='ltr'><strong>inantea,</strong></span> <span class='ocrx_word' id='word_1_56' title='bbox 660 1304 704 1353; x_wconf 76' lang='lat' dir='ltr'><strong>ex</strong></span> <span class='ocrx_word' id='word_1_57' title='bbox 721 1303 879 1353; x_wconf 91' lang='lat' dir='ltr'><strong>munere</strong></span> <span class='ocrx_word' id='word_1_58' title='bbox 895 1302 1043 1384; x_wconf 89' lang='lat' dir='ltr'><strong>regum,</strong></span> <span class='ocrx_word' id='word_1_59' title='bbox 1057 1276 1117 1353; x_wconf 90' lang='lat' dir='ltr'><strong>vel</strong></span> <span class='ocrx_word' id='word_1_60' title='bbox 1133 1274 1267 1352; x_wconf 90' lang='lat' dir='ltr'><strong>collato</strong></span> <span class='ocrx_word' id='word_1_61' title='bbox 1286 1274 1434 1379; x_wconf 92' lang='lat' dir='ltr'><strong>populi,</strong></span> <span class='ocrx_word' id='word_1_62' title='bbox 1450 1304 1519 1352; x_wconf 90' lang='lat' dir='ltr'><strong>seu</strong></span> <span class='ocrx_word' id='word_1_63' title='bbox 1534 1277 1582 1353; x_wconf 92' lang='lat' dir='ltr'><strong>de</strong></span> <span class='ocrx_word' id='word_1_64' title='bbox 1597 1305 1748 1383; x_wconf 85' lang='lat' dir='ltr'><strong>compa-</strong></span> 
     </span>
     <span class='ocr_line' id='line_1_8' title="bbox 328 1384 1747 1512; baseline 0.001 -32"><span class='ocrx_word' id='word_1_65' title='bbox 328 1423 426 1496; x_wconf 89' lang='lat' dir='ltr'><strong>rato,</strong></span> <span class='ocrx_word' id='word_1_66' title='bbox 449 1423 513 1482; x_wconf 90' lang='lat' dir='ltr'><strong>aut</strong></span> <span class='ocrx_word' id='word_1_67' title='bbox 533 1406 580 1482; x_wconf 90' lang='lat' dir='ltr'><strong>de</strong></span> <span class='ocrx_word' id='word_1_68' title='bbox 597 1405 769 1512; x_wconf 84' lang='lat' dir='ltr'><strong>quolibet</strong></span> <span class='ocrx_word' id='word_1_69' title='bbox 788 1384 890 1482; x_wconf 88' lang='lat' dir='ltr'><strong>recto</strong></span> <span class='ocrx_word' id='word_1_70' title='bbox 910 1406 1089 1493; x_wconf 87' lang='lat' dir='ltr'><strong>adtracto,</strong></span> <span class='ocrx_word' id='word_1_71' title='bbox 1107 1406 1146 1479; x_wconf 91' lang='lat' dir='ltr'><strong>in</strong></span> <span class='ocrx_word' id='word_1_72' title='bbox 1166 1404 1399 1511; x_wconf 89' lang='lat' dir='ltr'><strong>quibuslibet</strong></span> <span class='ocrx_word' id='word_1_73' title='bbox 1419 1406 1521 1511; x_wconf 88' lang='lat' dir='ltr'><strong>pagis</strong></span> <span class='ocrx_word' id='word_1_74' title='bbox 1541 1424 1652 1512; x_wconf 86' lang='lat' dir='ltr'><strong>atque</strong></span> <span class='ocrx_word' id='word_1_75' title='bbox 1671 1425 1747 1484; x_wconf 90' lang='lat' dir='ltr'><strong>ter-</strong></span> 
     </span>
     <span class='ocr_line' id='line_1_9' title="bbox 329 1533 1748 1643; baseline 0.003 -33"><span class='ocrx_word' id='word_1_76' title='bbox 329 1535 469 1614; x_wconf 87' lang='lat' dir='ltr'><strong>ritoriis</strong></span> <span class='ocrx_word' id='word_1_77' title='bbox 488 1536 600 1627; x_wconf 92' lang='lat' dir='ltr'><strong>inibi,</strong></span> <span class='ocrx_word' id='word_1_78' title='bbox 618 1552 696 1612; x_wconf 88' lang='lat' dir='ltr'><strong>erat</strong></span> <span class='ocrx_word' id='word_1_79' title='bbox 711 1536 883 1612; x_wconf 91' lang='lat' dir='ltr'><strong>additum</strong></span> <span class='ocrx_word' id='word_1_80' title='bbox 895 1533 954 1611; x_wconf 88' lang='lat' dir='ltr'><strong>vel</strong></span> <span class='ocrx_word' id='word_1_81' title='bbox 970 1535 1163 1622; x_wconf 87' lang='lat' dir='ltr'><strong>collatum,</strong></span> <span class='ocrx_word' id='word_1_82' title='bbox 1180 1535 1325 1643; x_wconf 90' lang='lat' dir='ltr'><strong>integra</strong></span> <span class='ocrx_word' id='word_1_83' title='bbox 1345 1535 1566 1623; x_wconf 86' lang='lat' dir='ltr'><strong>emunitate,</strong></span> <span class='ocrx_word' id='word_1_84' title='bbox 1583 1554 1748 1614; x_wconf 89' lang='lat' dir='ltr'><strong>anteces-</strong></span> 
     </span>
     <span class='ocr_line' id='line_1_10' title="bbox 329 1664 1749 1772; baseline 0.002 -31"><span class='ocrx_word' id='word_1_85' title='bbox 329 1693 412 1741; x_wconf 88' lang='lat' dir='ltr'><strong>sore</strong></span> <span class='ocrx_word' id='word_1_86' title='bbox 426 1694 494 1742; x_wconf 93' lang='lat' dir='ltr'><strong>suo</strong></span> <span class='ocrx_word' id='word_1_87' title='bbox 511 1665 782 1758; x_wconf 89' lang='lat' dir='ltr'><strong>Mummolino,</strong></span> <span class='ocrx_word' id='word_1_88' title='bbox 800 1665 953 1772; x_wconf 90' lang='lat' dir='ltr'><strong>quando</strong></span> <span class='ocrx_word' id='word_1_89' title='bbox 968 1664 1028 1743; x_wconf 90' lang='lat' dir='ltr'><strong>vel</strong></span> <span class='ocrx_word' id='word_1_90' title='bbox 1044 1665 1222 1771; x_wconf 81' lang='lat' dir='ltr'><strong>praedicto</strong></span> <span class='ocrx_word' id='word_1_91' title='bbox 1239 1665 1468 1743; x_wconf 90' lang='lat' dir='ltr'><strong>monasterio</strong></span> <span class='ocrx_word' id='word_1_92' title='bbox 1485 1667 1685 1757; x_wconf 72' lang='lat' dir='ltr'><strong>concessis,</strong></span> <span class='ocrx_word' id='word_1_93' title='bbox 1707 1686 1749 1744; x_wconf 90' lang='lat' dir='ltr'><strong>ut</strong></span> 
     </span>
     <span class='ocr_line' id='line_1_11' title="bbox 331 1794 1747 1906; baseline 0.003 -35"><span class='ocrx_word' id='word_1_94' title='bbox 331 1794 459 1872; x_wconf 91' lang='lat' dir='ltr'><strong>nullus</strong></span> <span class='ocrx_word' id='word_1_95' title='bbox 473 1797 588 1902; x_wconf 87' lang='lat' dir='ltr'><strong>judex</strong></span> <span class='ocrx_word' id='word_1_96' title='bbox 609 1795 786 1901; x_wconf 91' lang='lat' dir='ltr'><strong>publicus</strong></span> <span class='ocrx_word' id='word_1_97' title='bbox 806 1796 951 1882; x_wconf 86' lang='lat' dir='ltr'><strong>ibidem</strong></span> <span class='ocrx_word' id='word_1_98' title='bbox 971 1799 1019 1875; x_wconf 90' lang='lat' dir='ltr'><strong>ad</strong></span> <span class='ocrx_word' id='word_1_99' title='bbox 1035 1825 1163 1876; x_wconf 90' lang='lat' dir='ltr'><strong>causas</strong></span> <span class='ocrx_word' id='word_1_100' title='bbox 1182 1796 1404 1888; x_wconf 85' lang='lat' dir='ltr'><strong>audiendas,</strong></span> <span class='ocrx_word' id='word_1_101' title='bbox 1429 1796 1524 1874; x_wconf 88' lang='lat' dir='ltr'><strong>lrcta</strong></span> <span class='ocrx_word' id='word_1_102' title='bbox 1548 1797 1747 1906; x_wconf 81' lang='lat' dir='ltr'><strong>exigenda,</strong></span> 
     </span>
     <span class='ocr_line' id='line_1_12' title="bbox 330 1923 1750 2032; baseline 0.004 -33"><span class='ocrx_word' id='word_1_103' title='bbox 330 1923 569 2030; x_wconf 87' lang='lat' dir='ltr'><strong>fidejussores</strong></span> <span class='ocrx_word' id='word_1_104' title='bbox 597 1925 804 2015; x_wconf 90' lang='lat' dir='ltr'><strong>tollendos,</strong></span> <span class='ocrx_word' id='word_1_105' title='bbox 837 1955 906 2005; x_wconf 91' lang='lat' dir='ltr'><strong>nec</strong></span> <span class='ocrx_word' id='word_1_106' title='bbox 933 1928 1146 2006; x_wconf 87' lang='lat' dir='ltr'><strong>mansiones</strong></span> <span class='ocrx_word' id='word_1_107' title='bbox 1174 1944 1239 2004; x_wconf 86' lang='lat' dir='ltr'><strong>aut</strong></span> <span class='ocrx_word' id='word_1_108' title='bbox 1264 1944 1435 2032; x_wconf 89' lang='lat' dir='ltr'><strong>paratum</strong></span> <span class='ocrx_word' id='word_1_109' title='bbox 1460 1925 1653 2016; x_wconf 85' lang='lat' dir='ltr'><strong>saciando,</strong></span> <span class='ocrx_word' id='word_1_110' title='bbox 1681 1957 1750 2004; x_wconf 89' lang='lat' dir='ltr'><strong>nec</strong></span> 
     </span>
     <span class='ocr_line' id='line_1_13' title="bbox 329 2048 1751 2169; baseline 0.004 -39"><span class='ocrx_word' id='word_1_111' title='bbox 329 2055 505 2133; x_wconf 90' lang='lat' dir='ltr'><strong>homines</strong></span> <span class='ocrx_word' id='word_1_112' title='bbox 522 2057 639 2161; x_wconf 93' lang='lat' dir='ltr'><strong>ipsius</strong></span> <span class='ocrx_word' id='word_1_113' title='bbox 657 2059 890 2150; x_wconf 85' lang='lat' dir='ltr'><strong>monasterii,</strong></span> <span class='ocrx_word' id='word_1_114' title='bbox 911 2076 988 2147; x_wconf 88' lang='lat' dir='ltr'><strong>tam</strong></span> <span class='ocrx_word' id='word_1_115' title='bbox 1008 2061 1192 2169; x_wconf 88' lang='lat' dir='ltr'><strong>ingenuos</strong></span> <span class='ocrx_word' id='word_1_116' title='bbox 1211 2048 1384 2164; x_wconf 82' lang='lat' dir='ltr'><strong>quamet</strong></span> <span class='ocrx_word' id='word_1_117' title='bbox 1403 2057 1619 2149; x_wconf 87' lang='lat' dir='ltr'><strong>servientes,</strong></span> <span class='ocrx_word' id='word_1_118' title='bbox 1638 2087 1751 2164; x_wconf 92' lang='lat' dir='ltr'><strong>super</strong></span> 
     </span>
     <span class='ocr_line' id='line_1_14' title="bbox 329 2186 1750 2296; baseline 0.004 -36"><span class='ocrx_word' id='word_1_119' title='bbox 329 2203 446 2262; x_wconf 89' lang='lat' dir='ltr'><strong>terras</strong></span> <span class='ocrx_word' id='word_1_120' title='bbox 464 2215 548 2263; x_wconf 90' lang='lat' dir='ltr'><strong>suas</strong></span> <span class='ocrx_word' id='word_1_121' title='bbox 569 2206 851 2266; x_wconf 90' lang='lat' dir='ltr'><strong>commanentes</strong></span> <span class='ocrx_word' id='word_1_122' title='bbox 871 2190 1168 2296; x_wconf 84' lang='lat' dir='ltr'><strong>distringendos,</strong></span> <span class='ocrx_word' id='word_1_123' title='bbox 1191 2218 1261 2264; x_wconf 88' lang='lat' dir='ltr'><strong>nec</strong></span> <span class='ocrx_word' id='word_1_124' title='bbox 1285 2186 1407 2264; x_wconf 89' lang='lat' dir='ltr'><strong>nullas</strong></span> <span class='ocrx_word' id='word_1_125' title='bbox 1429 2187 1674 2266; x_wconf 90' lang='lat' dir='ltr'><strong>redibitiones</strong></span> <span class='ocrx_word' id='word_1_126' title='bbox 1690 2219 1750 2266; x_wconf 88' lang='lat' dir='ltr'><strong>re·</strong></span> 
     </span>
     <span class='ocr_line' id='line_1_15' title="bbox 331 2315 1749 2428; baseline 0.003 -39"><span class='ocrx_word' id='word_1_127' title='bbox 331 2315 532 2420; x_wconf 86' lang='lat' dir='ltr'><strong>quirendas</strong></span> <span class='ocrx_word' id='word_1_128' title='bbox 556 2345 626 2393; x_wconf 91' lang='lat' dir='ltr'><strong>nec</strong></span> <span class='ocrx_word' id='word_1_129' title='bbox 645 2319 878 2412; x_wconf 86' lang='lat' dir='ltr'><strong>exactandas,</strong></span> <span class='ocrx_word' id='word_1_130' title='bbox 901 2347 971 2395; x_wconf 88' lang='lat' dir='ltr'><strong>nec</strong></span> <span class='ocrx_word' id='word_1_131' title='bbox 989 2320 1187 2428; x_wconf 89' lang='lat' dir='ltr'><strong>judiciaria</strong></span> <span class='ocrx_word' id='word_1_132' title='bbox 1206 2335 1370 2426; x_wconf 89' lang='lat' dir='ltr'><strong>potestas</strong></span> <span class='ocrx_word' id='word_1_133' title='bbox 1389 2316 1533 2393; x_wconf 90' lang='lat' dir='ltr'><strong>ibidem</strong></span> <span class='ocrx_word' id='word_1_134' title='bbox 1554 2318 1749 2424; x_wconf 87' lang='lat' dir='ltr'><strong>ingredere</strong></span> 
     </span>
     <span class='ocr_line' id='line_1_16' title="bbox 332 2448 1751 2553; baseline 0.001 -31"><span class='ocrx_word' id='word_1_135' title='bbox 332 2474 487 2552; x_wconf 91' lang='lat' dir='ltr'><strong>quoquo</strong></span> <span class='ocrx_word' id='word_1_136' title='bbox 512 2463 681 2553; x_wconf 88' lang='lat' dir='ltr'><strong>tempore</strong></span> <span class='ocrx_word' id='word_1_137' title='bbox 709 2477 785 2526; x_wconf 91' lang='lat' dir='ltr'><strong>non</strong></span> <span class='ocrx_word' id='word_1_138' title='bbox 811 2450 984 2542; x_wconf 89' lang='lat' dir='ltr'><strong>deberet,</strong></span> <span class='ocrx_word' id='word_1_139' title='bbox 1011 2450 1083 2527; x_wconf 90' lang='lat' dir='ltr'><strong>nisi</strong></span> <span class='ocrx_word' id='word_1_140' title='bbox 1110 2450 1179 2527; x_wconf 90' lang='lat' dir='ltr'><strong>sub</strong></span> <span class='ocrx_word' id='word_1_141' title='bbox 1204 2448 1420 2526; x_wconf 86' lang='lat' dir='ltr'><strong>emunitatis</strong></span> <span class='ocrx_word' id='word_1_142' title='bbox 1446 2448 1619 2541; x_wconf 91' lang='lat' dir='ltr'><strong>nomine,</strong></span> <span class='ocrx_word' id='word_1_143' title='bbox 1646 2451 1751 2525; x_wconf 91' lang='lat' dir='ltr'><strong>omni</strong></span> 
     </span>
     <span class='ocr_line' id='line_1_17' title="bbox 331 2574 1755 2683; baseline 0.002 -31"><span class='ocrx_word' id='word_1_144' title='bbox 331 2592 518 2680; x_wconf 89' lang='lat' dir='ltr'><strong>tempore,</strong></span> <span class='ocrx_word' id='word_1_145' title='bbox 543 2574 777 2655; x_wconf 73' lang='lat' dir='ltr'><strong>cum&#39;omnis</strong></span> <span class='ocrx_word' id='word_1_146' title='bbox 794 2578 899 2655; x_wconf 88' lang='lat' dir='ltr'><strong>fretis</strong></span> <span class='ocrx_word' id='word_1_147' title='bbox 919 2581 1117 2670; x_wconf 89' lang='lat' dir='ltr'><strong>concessis,</strong></span> <span class='ocrx_word' id='word_1_148' title='bbox 1138 2607 1223 2682; x_wconf 89' lang='lat' dir='ltr'><strong>pars</strong></span> <span class='ocrx_word' id='word_1_149' title='bbox 1244 2579 1360 2683; x_wconf 91' lang='lat' dir='ltr'><strong>ipsius</strong></span> <span class='ocrx_word' id='word_1_150' title='bbox 1380 2577 1596 2655; x_wconf 90' lang='lat' dir='ltr'><strong>monasterii</strong></span> <span class='ocrx_word' id='word_1_151' title='bbox 1619 2577 1755 2655; x_wconf 87' lang='lat' dir='ltr'><strong>debeat</strong></span> 
     </span>
     <span class='ocr_line' id='line_1_18' title="bbox 330 2705 1751 2813; baseline 0.001 -31"><span class='ocrx_word' id='word_1_152' title='bbox 330 2706 535 2810; x_wconf 89' lang='lat' dir='ltr'><strong>possidere.</strong></span> <span class='ocrx_word' id='word_1_153' title='bbox 567 2709 675 2783; x_wconf 92' lang='lat' dir='ltr'><strong>Unde</strong></span> <span class='ocrx_word' id='word_1_154' title='bbox 697 2725 735 2783; x_wconf 90' lang='lat' dir='ltr'><strong>et</strong></span> <span class='ocrx_word' id='word_1_155' title='bbox 763 2708 1053 2813; x_wconf 88' lang='lat' dir='ltr'><strong>praeceptionem</strong></span> <span class='ocrx_word' id='word_1_156' title='bbox 1073 2708 1306 2813; x_wconf 88' lang='lat' dir='ltr'><strong>principum,</strong></span> <span class='ocrx_word' id='word_1_157' title='bbox 1333 2733 1401 2784; x_wconf 86' lang='lat' dir='ltr'><strong>seu</strong></span> <span class='ocrx_word' id='word_1_158' title='bbox 1426 2705 1751 2784; x_wconf 86' lang='lat' dir='ltr'><strong>confirmationem</strong></span> 
     </span>
     <span class='ocr_line' id='line_1_19' title="bbox 332 2835 1752 2943; baseline 0.001 -33"><span class='ocrx_word' id='word_1_159' title='bbox 332 2836 504 2911; x_wconf 88' lang='lat' dir='ltr'><strong>avunculi</strong></span> <span class='ocrx_word' id='word_1_160' title='bbox 534 2837 651 2911; x_wconf 85' lang='lat' dir='ltr'><strong>nostri</strong></span> <span class='ocrx_word' id='word_1_161' title='bbox 681 2836 908 2914; x_wconf 88' lang='lat' dir='ltr'><strong>Clothacarii</strong></span> <span class='ocrx_word' id='word_1_162' title='bbox 939 2855 976 2913; x_wconf 90' lang='lat' dir='ltr'><strong>et</strong></span> <span class='ocrx_word' id='word_1_163' title='bbox 1005 2837 1226 2926; x_wconf 90' lang='lat' dir='ltr'><strong>Childerici,</strong></span> <span class='ocrx_word' id='word_1_164' title='bbox 1261 2865 1326 2912; x_wconf 88' lang='lat' dir='ltr'><strong>seu</strong></span> <span class='ocrx_word' id='word_1_165' title='bbox 1362 2853 1400 2910; x_wconf 89' lang='lat' dir='ltr'><strong>et</strong></span> <span class='ocrx_word' id='word_1_166' title='bbox 1427 2835 1606 2943; x_wconf 88' lang='lat' dir='ltr'><strong>genitoris</strong></span> <span class='ocrx_word' id='word_1_167' title='bbox 1635 2839 1752 2913; x_wconf 92' lang='lat' dir='ltr'><strong>nostri</strong></span> 
     </span>
    </p>
   </div>
   <div class='ocr_carea' id='block_1_3' title="bbox 331 2955 1810 3074">
    <p class='ocr_par' dir='ltr' id='par_1_3' title="bbox 331 2955 1810 3074">
     <span class='ocr_line' id='line_1_20' title="bbox 331 2955 1810 3074; baseline 0.001 -33"><span class='ocrx_word' id='word_1_168' title='bbox 331 2965 559 3041; x_wconf 90' lang='lat' dir='ltr'><strong>Theoderici</strong></span> <span class='ocrx_word' id='word_1_169' title='bbox 579 2955 773 3071; x_wconf 88' lang='lat' dir='ltr'><strong>quondam</strong></span> <span class='ocrx_word' id='word_1_170' title='bbox 794 2966 902 3074; x_wconf 89' lang='lat' dir='ltr'><strong>regis,</strong></span> <span class='ocrx_word' id='word_1_171' title='bbox 920 2967 1081 3073; x_wconf 83' lang='lat' dir='ltr'><strong>qualiter</strong></span> <span class='ocrx_word' id='word_1_172' title='bbox 1098 2968 1178 3042; x_wconf 78' lang='lat' dir='ltr'><strong>haec</strong></span> <span class='ocrx_word' id='word_1_173' title='bbox 1196 2965 1254 3042; x_wconf 88' lang='lat' dir='ltr'><strong>vel</strong></span> <span class='ocrx_word' id='word_1_174' title='bbox 1267 2966 1331 3042; x_wconf 89' lang='lat' dir='ltr'><strong>illa</strong></span> <span class='ocrx_word' id='word_1_175' title='bbox 1351 2965 1501 3058; x_wconf 88' lang='lat' dir='ltr'><strong>locella,</strong></span> <span class='ocrx_word' id='word_1_176' title='bbox 1523 2994 1606 3071; x_wconf 86' lang='lat' dir='ltr'><strong>quae</strong></span> <span class='ocrx_word' id='word_1_177' title='bbox 1625 2983 1753 3072; x_wconf 90' lang='lat' dir='ltr'><strong>postea</strong></span> <span class='ocrx_word' id='word_1_178' title='bbox 1808 2988 1810 2991; x_wconf 82' lang='grc'><strong><em>·</em></strong></span> 
     </span>
    </p>
   </div>
   <div class='ocr_carea' id='block_1_4' title="bbox 278 3095 1798 4634">
    <p class='ocr_par' dir='ltr' id='par_1_4' title="bbox 278 3095 1798 4634">
     <span class='ocr_line' id='line_1_21' title="bbox 332 3095 1754 3204; baseline 0.004 -34"><span class='ocrx_word' id='word_1_179' title='bbox 332 3097 410 3202; x_wconf 91' lang='lat' dir='ltr'><strong>ipse</strong></span> <span class='ocrx_word' id='word_1_180' title='bbox 433 3096 607 3173; x_wconf 86' lang='lat' dir='ltr'><strong>Bertinus</strong></span> <span class='ocrx_word' id='word_1_181' title='bbox 629 3095 739 3193; x_wconf 88' lang='lat' dir='ltr'><strong>abba,</strong></span> <span class='ocrx_word' id='word_1_182' title='bbox 763 3097 810 3173; x_wconf 93' lang='lat' dir='ltr'><strong>ad</strong></span> <span class='ocrx_word' id='word_1_183' title='bbox 829 3115 954 3203; x_wconf 88' lang='lat' dir='ltr'><strong>partes</strong></span> <span class='ocrx_word' id='word_1_184' title='bbox 969 3099 1084 3204; x_wconf 91' lang='lat' dir='ltr'><strong>ipsius</strong></span> <span class='ocrx_word' id='word_1_185' title='bbox 1104 3097 1338 3188; x_wconf 87' lang='lat' dir='ltr'><strong>monasterii,</strong></span> <span class='ocrx_word' id='word_1_186' title='bbox 1357 3126 1426 3203; x_wconf 93' lang='lat' dir='ltr'><strong>pro</strong></span> <span class='ocrx_word' id='word_1_187' title='bbox 1448 3099 1754 3176; x_wconf 88' lang='lat' dir='ltr'><strong>commutationis</strong></span> 
     </span>
     <span class='ocr_line' id='line_1_22' title="bbox 278 3223 1753 3333; baseline 0.005 -34"><span class='ocrx_word' id='word_1_188' title='bbox 278 3276 303 3297; x_wconf 41' lang='lat' dir='ltr'><strong>a</strong></span> <span class='ocrx_word' id='word_1_189' title='bbox 336 3223 445 3301; x_wconf 91' lang='lat' dir='ltr'><strong>titulo</strong></span> <span class='ocrx_word' id='word_1_190' title='bbox 473 3225 531 3301; x_wconf 85' lang='lat' dir='ltr'><strong>vel</strong></span> <span class='ocrx_word' id='word_1_191' title='bbox 558 3226 807 3303; x_wconf 91' lang='lat' dir='ltr'><strong>instrumenta</strong></span> <span class='ocrx_word' id='word_1_192' title='bbox 830 3227 994 3333; x_wconf 87' lang='lat' dir='ltr'><strong>accipere</strong></span> <span class='ocrx_word' id='word_1_193' title='bbox 1023 3227 1354 3318; x_wconf 86' lang='lat' dir='ltr'><strong>confirmaverunt,</strong></span> <span class='ocrx_word' id='word_1_194' title='bbox 1380 3226 1490 3304; x_wconf 92' lang='lat' dir='ltr'><strong>nobis</strong></span> <span class='ocrx_word' id='word_1_195' title='bbox 1510 3228 1549 3302; x_wconf 92' lang='lat' dir='ltr'><strong>in</strong></span> <span class='ocrx_word' id='word_1_196' title='bbox 1573 3246 1753 3332; x_wconf 70' lang='lat' dir='ltr'><strong>praesente</strong></span> 
     </span>
     <span class='ocr_line' id='line_1_23' title="bbox 335 3355 1753 3463; baseline 0.001 -31"><span class='ocrx_word' id='word_1_197' title='bbox 335 3355 499 3433; x_wconf 90' lang='lat' dir='ltr'><strong>ostendit</strong></span> <span class='ocrx_word' id='word_1_198' title='bbox 517 3356 753 3463; x_wconf 87' lang='lat' dir='ltr'><strong>relegendas,</strong></span> <span class='ocrx_word' id='word_1_199' title='bbox 777 3374 816 3434; x_wconf 90' lang='lat' dir='ltr'><strong>et</strong></span> <span class='ocrx_word' id='word_1_200' title='bbox 833 3359 923 3462; x_wconf 92' lang='lat' dir='ltr'><strong>ipsis</strong></span> <span class='ocrx_word' id='word_1_201' title='bbox 936 3358 1133 3435; x_wconf 88' lang='lat' dir='ltr'><strong>beneficiis</strong></span> <span class='ocrx_word' id='word_1_202' title='bbox 1152 3359 1352 3447; x_wconf 88' lang='lat' dir='ltr'><strong>concessis,</strong></span> <span class='ocrx_word' id='word_1_203' title='bbox 1374 3357 1422 3433; x_wconf 92' lang='lat' dir='ltr'><strong>de</strong></span> <span class='ocrx_word' id='word_1_204' title='bbox 1441 3374 1612 3460; x_wconf 89' lang='lat' dir='ltr'><strong>tempore</strong></span> <span class='ocrx_word' id='word_1_205' title='bbox 1633 3387 1753 3463; x_wconf 91' lang='lat' dir='ltr'><strong>usque</strong></span> 
     </span>
     <span class='ocr_line' id='line_1_24' title="bbox 335 3486 1755 3592; baseline 0.003 -32"><span class='ocrx_word' id='word_1_206' title='bbox 335 3514 451 3576; x_wconf 89' lang='lat' dir='ltr'><strong>nunc,</strong></span> <span class='ocrx_word' id='word_1_207' title='bbox 474 3486 604 3561; x_wconf 90' lang='lat' dir='ltr'><strong>asserit</strong></span> <span class='ocrx_word' id='word_1_208' title='bbox 623 3504 872 3574; x_wconf 60' lang='lat' dir='ltr'><strong>conservatam</strong></span> <span class='ocrx_word' id='word_1_209' title='bbox 894 3488 962 3564; x_wconf 92' lang='lat' dir='ltr'><strong>sed</strong></span> <span class='ocrx_word' id='word_1_210' title='bbox 977 3517 1045 3592; x_wconf 88' lang='lat' dir='ltr'><strong>pro</strong></span> <span class='ocrx_word' id='word_1_211' title='bbox 1061 3488 1248 3565; x_wconf 86' lang='lat' dir='ltr'><strong>firmitatis</strong></span> <span class='ocrx_word' id='word_1_212' title='bbox 1271 3487 1461 3576; x_wconf 91' lang='lat' dir='ltr'><strong>studium,</strong></span> <span class='ocrx_word' id='word_1_213' title='bbox 1481 3487 1589 3589; x_wconf 92' lang='lat' dir='ltr'><strong>petiit</strong></span> <span class='ocrx_word' id='word_1_214' title='bbox 1608 3516 1755 3564; x_wconf 90' lang='lat' dir='ltr'><strong>merno-</strong></span> 
     </span>
     <span class='ocr_line' id='line_1_25' title="bbox 335 3614 1756 3722; baseline 0.002 -33"><span class='ocrx_word' id='word_1_215' title='bbox 335 3631 435 3691; x_wconf 89' lang='lat' dir='ltr'><strong>ratus</strong></span> <span class='ocrx_word' id='word_1_216' title='bbox 455 3615 550 3691; x_wconf 89' lang='lat' dir='ltr'><strong>abba</strong></span> <span class='ocrx_word' id='word_1_217' title='bbox 570 3614 785 3692; x_wconf 91' lang='lat' dir='ltr'><strong>celsitudini</strong></span> <span class='ocrx_word' id='word_1_218' title='bbox 805 3632 960 3707; x_wconf 86' lang='lat' dir='ltr'><strong>nostrae,</strong></span> <span class='ocrx_word' id='word_1_219' title='bbox 981 3632 1024 3693; x_wconf 93' lang='lat' dir='ltr'><strong>ut</strong></span> <span class='ocrx_word' id='word_1_220' title='bbox 1051 3616 1183 3693; x_wconf 91' lang='lat' dir='ltr'><strong>iccirco</strong></span> <span class='ocrx_word' id='word_1_221' title='bbox 1213 3616 1340 3722; x_wconf 90' lang='lat' dir='ltr'><strong>ipsum</strong></span> <span class='ocrx_word' id='word_1_222' title='bbox 1368 3615 1512 3706; x_wconf 88' lang='lat' dir='ltr'><strong>locum,</strong></span> <span class='ocrx_word' id='word_1_223' title='bbox 1534 3642 1603 3717; x_wconf 91' lang='lat' dir='ltr'><strong>pro</strong></span> <span class='ocrx_word' id='word_1_224' title='bbox 1630 3634 1756 3694; x_wconf 89' lang='lat' dir='ltr'><strong>nostra</strong></span> 
     </span>
     <span class='ocr_line' id='line_1_26' title="bbox 336 3741 1757 3852; baseline 0.002 -33"><span class='ocrx_word' id='word_1_225' title='bbox 336 3745 567 3834; x_wconf 88' lang='lat' dir='ltr'><strong>auctoritate,</strong></span> <span class='ocrx_word' id='word_1_226' title='bbox 579 3741 728 3847; x_wconf 90' lang='lat' dir='ltr'><strong>plenius</strong></span> <span class='ocrx_word' id='word_1_227' title='bbox 741 3745 963 3822; x_wconf 87' lang='lat' dir='ltr'><strong>confirmare</strong></span> <span class='ocrx_word' id='word_1_228' title='bbox 979 3746 1216 3825; x_wconf 89' lang='lat' dir='ltr'><strong>deberemus.</strong></span> <span class='ocrx_word' id='word_1_229' title='bbox 1232 3745 1350 3852; x_wconf 86' lang='lat' dir='ltr'><strong>Cujus</strong></span> <span class='ocrx_word' id='word_1_230' title='bbox 1368 3743 1554 3850; x_wconf 87' lang='lat' dir='ltr'><strong>petitioni,</strong></span> <span class='ocrx_word' id='word_1_231' title='bbox 1569 3772 1636 3850; x_wconf 88' lang='lat' dir='ltr'><strong>pro</strong></span> <span class='ocrx_word' id='word_1_232' title='bbox 1657 3773 1757 3822; x_wconf 90' lang='lat' dir='ltr'><strong>mer·</strong></span> 
     </span>
     <span class='ocr_line' id='line_1_27' title="bbox 337 3872 1757 3980; baseline 0.003 -33"><span class='ocrx_word' id='word_1_233' title='bbox 337 3874 438 3949; x_wconf 89' lang='lat' dir='ltr'><strong>cedis</strong></span> <span class='ocrx_word' id='word_1_234' title='bbox 451 3890 585 3950; x_wconf 87' lang='lat' dir='ltr'><strong>nostrae</strong></span> <span class='ocrx_word' id='word_1_235' title='bbox 601 3902 761 3951; x_wconf 90' lang='lat' dir='ltr'><strong>munere</strong></span> <span class='ocrx_word' id='word_1_236' title='bbox 773 3875 833 3950; x_wconf 89' lang='lat' dir='ltr'><strong>vel</strong></span> <span class='ocrx_word' id='word_1_237' title='bbox 845 3876 1051 3951; x_wconf 88' lang='lat' dir='ltr'><strong>reverentia</strong></span> <span class='ocrx_word' id='word_1_238' title='bbox 1064 3877 1181 3980; x_wconf 89' lang='lat' dir='ltr'><strong>ipsius</strong></span> <span class='ocrx_word' id='word_1_239' title='bbox 1194 3874 1310 3952; x_wconf 89' lang='lat' dir='ltr'><strong>sancti</strong></span> <span class='ocrx_word' id='word_1_240' title='bbox 1323 3874 1412 3963; x_wconf 92' lang='lat' dir='ltr'><strong>loci,</strong></span> <span class='ocrx_word' id='word_1_241' title='bbox 1431 3874 1480 3948; x_wconf 89' lang='lat' dir='ltr'><strong>ita</strong></span> <span class='ocrx_word' id='word_1_242' title='bbox 1492 3872 1702 3977; x_wconf 88' lang='lat' dir='ltr'><strong>praestitisse</strong></span> <span class='ocrx_word' id='word_1_243' title='bbox 1719 3892 1757 3951; x_wconf 90' lang='lat' dir='ltr'><strong>et</strong></span> 
     </span>
     <span class='ocr_line' id='line_1_28' title="bbox 336 3998 1774 4108; baseline 0 -32"><span class='ocrx_word' id='word_1_244' title='bbox 336 4003 376 4077; x_wconf 90' lang='lat' dir='ltr'><strong>in</strong></span> <span class='ocrx_word' id='word_1_245' title='bbox 397 4003 574 4080; x_wconf 90' lang='lat' dir='ltr'><strong>omnibus</strong></span> <span class='ocrx_word' id='word_1_246' title='bbox 588 4003 826 4078; x_wconf 83' lang='lat' dir='ltr'><strong>confirmasse</strong></span> <span class='ocrx_word' id='word_1_247' title='bbox 848 4003 1076 4108; x_wconf 72' lang='lat' dir='ltr'><strong>cognoscite,</strong></span> <span class='ocrx_word' id='word_1_248' title='bbox 1096 4002 1352 4105; x_wconf 88' lang='lat' dir='ltr'><strong>praecipientes</strong></span> <span class='ocrx_word' id='word_1_249' title='bbox 1372 3998 1491 4089; x_wconf 91' lang='lat' dir='ltr'><strong>enim,</strong></span> <span class='ocrx_word' id='word_1_250' title='bbox 1511 4016 1555 4076; x_wconf 92' lang='lat' dir='ltr'><strong>ut</strong></span> <span class='ocrx_word' id='word_1_251' title='bbox 1574 4000 1774 4106; x_wconf 87' lang='lat' dir='ltr'><strong>quicquid·</strong></span> 
     </span>
     <span class='ocr_line' id='line_1_29' title="bbox 339 4127 1756 4239; baseline -0.003 -30"><span class='ocrx_word' id='word_1_252' title='bbox 339 4148 483 4209; x_wconf 89' lang='lat' dir='ltr'><strong>constat</strong></span> <span class='ocrx_word' id='word_1_253' title='bbox 513 4133 782 4239; x_wconf 88' lang='lat' dir='ltr'><strong>suprascriptos</strong></span> <span class='ocrx_word' id='word_1_254' title='bbox 814 4158 898 4209; x_wconf 86' lang='lat' dir='ltr'><strong>avos</strong></span> <span class='ocrx_word' id='word_1_255' title='bbox 925 4149 1088 4222; x_wconf 90' lang='lat' dir='ltr'><strong>nostros,</strong></span> <span class='ocrx_word' id='word_1_256' title='bbox 1121 4129 1335 4208; x_wconf 88' lang='lat' dir='ltr'><strong>Clodoveus</strong></span> <span class='ocrx_word' id='word_1_257' title='bbox 1366 4127 1559 4233; x_wconf 89' lang='lat' dir='ltr'><strong>quondam</strong></span> <span class='ocrx_word' id='word_1_258' title='bbox 1593 4158 1673 4221; x_wconf 84' lang='lat' dir='ltr'><strong>rex,</strong></span> <span class='ocrx_word' id='word_1_259' title='bbox 1709 4131 1756 4205; x_wconf 92' lang='lat' dir='ltr'><strong>de</strong></span> 
     </span>
     <span class='ocr_line' id='line_1_30' title="bbox 338 4254 1757 4369; baseline -0.002 -31"><span class='ocrx_word' id='word_1_260' title='bbox 338 4264 419 4368; x_wconf 89' lang='lat' dir='ltr'><strong>ipsa</strong></span> <span class='ocrx_word' id='word_1_261' title='bbox 437 4262 660 4354; x_wconf 88' lang='lat' dir='ltr'><strong>emunitate,</strong></span> <span class='ocrx_word' id='word_1_262' title='bbox 683 4262 780 4339; x_wconf 92' lang='lat' dir='ltr'><strong>sicut</strong></span> <span class='ocrx_word' id='word_1_263' title='bbox 806 4262 979 4369; x_wconf 90' lang='lat' dir='ltr'><strong>superius</strong></span> <span class='ocrx_word' id='word_1_264' title='bbox 999 4278 1056 4339; x_wconf 90' lang='lat' dir='ltr'><strong>est</strong></span> <span class='ocrx_word' id='word_1_265' title='bbox 1073 4254 1399 4366; x_wconf 84' lang='lat' dir='ltr'><strong>comprehensum,</strong></span> <span class='ocrx_word' id='word_1_266' title='bbox 1419 4257 1610 4364; x_wconf 90' lang='lat' dir='ltr'><strong>praephato</strong></span> <span class='ocrx_word' id='word_1_267' title='bbox 1631 4257 1757 4335; x_wconf 89' lang='lat' dir='ltr'><strong>Mum-</strong></span> 
     </span>
     <span class='ocr_line' id='line_1_31' title="bbox 339 4388 1798 4501; baseline -0.002 -31"><span class='ocrx_word' id='word_1_268' title='bbox 339 4388 501 4483; x_wconf 76' lang='lat' dir='ltr'><strong>molino,</strong></span> <span class='ocrx_word' id='word_1_269' title='bbox 517 4393 576 4472; x_wconf 90' lang='lat' dir='ltr'><strong>vel</strong></span> <span class='ocrx_word' id='word_1_270' title='bbox 591 4412 720 4501; x_wconf 92' lang='lat' dir='ltr'><strong>postea</strong></span> <span class='ocrx_word' id='word_1_271' title='bbox 733 4396 803 4501; x_wconf 91' lang='lat' dir='ltr'><strong>ipsi</strong></span> <span class='ocrx_word' id='word_1_272' title='bbox 823 4395 997 4472; x_wconf 87' lang='lat' dir='ltr'><strong>avunculi</strong></span> <span class='ocrx_word' id='word_1_273' title='bbox 1012 4395 1130 4472; x_wconf 85' lang='lat' dir='ltr'><strong>nostri</strong></span> <span class='ocrx_word' id='word_1_274' title='bbox 1147 4390 1407 4472; x_wconf 86' lang='lat' dir='ltr'><strong>Clothacarius</strong></span> <span class='ocrx_word' id='word_1_275' title='bbox 1419 4417 1487 4467; x_wconf 91' lang='lat' dir='ltr'><strong>seu</strong></span> <span class='ocrx_word' id='word_1_276' title='bbox 1502 4389 1755 4482; x_wconf 91' lang='lat' dir='ltr'><strong>Childericus,</strong></span> <span class='ocrx_word' id='word_1_277' title='bbox 1792 4395 1798 4403; x_wconf 87' lang='grc'><strong>’</strong></span> 
     </span>
     <span class='ocr_line' id='line_1_32' title="bbox 339 4521 1760 4634; baseline -0.003 -34"><span class='ocrx_word' id='word_1_278' title='bbox 339 4551 406 4601; x_wconf 91' lang='lat' dir='ltr'><strong>seu</strong></span> <span class='ocrx_word' id='word_1_279' title='bbox 431 4541 470 4600; x_wconf 89' lang='lat' dir='ltr'><strong>et</strong></span> <span class='ocrx_word' id='word_1_280' title='bbox 488 4526 668 4633; x_wconf 89' lang='lat' dir='ltr'><strong>genitoris</strong></span> <span class='ocrx_word' id='word_1_281' title='bbox 688 4527 808 4604; x_wconf 84' lang='lat' dir='ltr'><strong>nostri</strong></span> <span class='ocrx_word' id='word_1_282' title='bbox 828 4525 1054 4604; x_wconf 89' lang='lat' dir='ltr'><strong>Theoderici</strong></span> <span class='ocrx_word' id='word_1_283' title='bbox 1073 4525 1266 4634; x_wconf 91' lang='lat' dir='ltr'><strong>quondam</strong></span> <span class='ocrx_word' id='word_1_284' title='bbox 1288 4522 1405 4630; x_wconf 85' lang='lat' dir='ltr'><strong>regis,</strong></span> <span class='ocrx_word' id='word_1_285' title='bbox 1421 4522 1522 4630; x_wconf 89' lang='lat' dir='ltr'><strong>juste</strong></span> <span class='ocrx_word' id='word_1_286' title='bbox 1543 4538 1582 4598; x_wconf 92' lang='lat' dir='ltr'><strong>et</strong></span> <span class='ocrx_word' id='word_1_287' title='bbox 1599 4521 1760 4600; x_wconf 88' lang='lat' dir='ltr'><strong>rationa-</strong></span> 
     </span>
    </p>
   </div>
   <div class='ocr_carea' id='block_1_5' title="bbox 384 4722 1759 4809">
    <p class='ocr_par' dir='ltr' id='par_1_5' title="bbox 384 4722 1759 4809">
     <span class='ocr_line' id='line_1_33' title="bbox 384 4722 1759 4809; baseline -0.007 -20"><span class='ocrx_word' id='word_1_288' title='bbox 384 4726 391 4754; x_wconf 93' lang='lat'><strong>¹</strong></span> <span class='ocrx_word' id='word_1_289' title='bbox 415 4727 524 4809; x_wconf 84' lang='lat' dir='ltr'><strong>Corrig.</strong></span> <span class='ocrx_word' id='word_1_290' title='bbox 547 4729 721 4797; x_wconf 78' lang='lat' dir='ltr'><strong>Cllodoaios,</strong></span> <span class='ocrx_word' id='word_1_291' title='bbox 740 4742 857 4792; x_wconf 87' lang='lat' dir='ltr'><strong>auctore</strong></span> <span class='ocrx_word' id='word_1_292' title='bbox 870 4728 1047 4792; x_wconf 80' lang='lat' dir='ltr'><strong>Mobillonio.</strong></span> <span class='ocrx_word' id='word_1_293' title='bbox 1068 4729 1229 4791; x_wconf 82' lang='lat' dir='ltr'><strong>Clodoveus</strong></span> <span class='ocrx_word' id='word_1_294' title='bbox 1248 4729 1327 4789; x_wconf 89' lang='lat' dir='ltr'><strong>enim</strong></span> <span class='ocrx_word' id='word_1_295' title='bbox 1345 4727 1371 4786; x_wconf 92' lang='lat' dir='ltr'><strong>ll</strong></span> <span class='ocrx_word' id='word_1_296' title='bbox 1391 4726 1527 4788; x_wconf 85' lang='lat' dir='ltr'><strong>Clodovei</strong></span> <span class='ocrx_word' id='word_1_297' title='bbox 1541 4725 1582 4784; x_wconf 90' lang='lat' dir='ltr'><strong>Ill</strong></span> <span class='ocrx_word' id='word_1_298' title='bbox 1598 4745 1668 4785; x_wconf 86' lang='lat' dir='ltr'><strong>avus</strong></span> <span class='ocrx_word' id='word_1_299' title='bbox 1691 4722 1759 4789; x_wconf 87' lang='lat' dir='ltr'><strong>suit,</strong></span> 
     </span>
    </p>
   </div>
   <div class='ocr_carea' id='block_1_6' title="bbox 344 4829 566 4891">
    <p class='ocr_par' dir='ltr' id='par_1_6' title="bbox 344 4829 566 4891">
     <span class='ocr_line' id='line_1_34' title="bbox 344 4829 566 4891; baseline 0.018 -5"><span class='ocrx_word' id='word_1_300' title='bbox 344 4848 401 4888; x_wconf 92' lang='lat' dir='ltr'><strong>non</strong></span> <span class='ocrx_word' id='word_1_301' title='bbox 414 4829 566 4891; x_wconf 86' lang='lat' dir='ltr'><strong>Clotarius.</strong></span> 
     </span>
    </p>
   </div>
   <div class='ocr_carea' id='block_1_7' title="bbox 1522 4925 1602 4985">
    <p class='ocr_par' dir='ltr' id='par_1_7' title="bbox 1522 4925 1602 4985">
     <span class='ocr_line' id='line_1_35' title="bbox 1522 4925 1602 4985; baseline 0.025 -2"><span class='ocrx_word' id='word_1_302' title='bbox 1522 4925 1550 4983; x_wconf 75' lang='grc' dir='ltr'><strong>δ’.</strong></span> <span class='ocrx_word' id='word_1_303' title='bbox 1580 4950 1602 4985; x_wconf 65' lang='grc' dir='ltr'><strong>,τ</strong></span> 
     </span>
    </p>
   </div>
   <div class='ocr_carea' id='block_1_8' title="bbox 0 0 2253 5842">
    <p class='ocr_par' dir='ltr' id='par_1_8' title="bbox 0 0 2253 5842">
     <span class='ocr_line' id='line_1_36' title="bbox 0 0 2253 5842; baseline 0 0"><span class='ocrx_word' id='word_1_304' title='bbox 0 0 2253 5842; x_wconf 95' lang='lat' dir='ltr'><strong> </strong></span> 
     </span>
    </p>
   </div>
  </div>
 </body>
</html>
