4478 5842
509 453 555 522 lt)
845 443 1260 557 CHARTULARlUbl
1294 438 1578 515 SITHIENSE.

507 589 730 678 Erlelridus,
752 589 851 665 inter
879 604 1008 664 caetera
1032 614 1113 692 quae
1136 583 1265 690 gessit,
1293 581 1384 659 emit
1410 610 1431 655 a
1455 575 1621 684 quodam
1642 577 1738 668 viro,
1768 573 1922 654 nomine

507 719 747 808 Darmundo,
770 745 829 794 res
848 716 1032 822 portionis
1059 742 1149 801 suae,
1180 712 1219 787 in
1249 711 1333 788 loco
1362 724 1601 812 nuncupante
1630 705 1921 789 Saroaldsclusa,

506 879 618 956 super
636 849 749 926 ssuvio
769 848 930 936 Sumne,
956 846 995 920 in
1020 871 1116 951 pago
1143 842 1439 929 vermandense,
1462 855 1500 915 et
1520 839 1559 912 in
1580 837 1791 943 Appiliaco,
1813 860 1925 939 super

506 982 618 1057 lluvio
636 982 762 1067 Ysara,
785 979 936 1083 inpage
954 975 1219 1064 Noviomense,
1237 1000 1304 1048 seu
1323 972 1363 1047 in
1379 970 1470 1049 Diva
1485 984 1523 1044 et
1538 967 1777 1060 Corbunaco,
1794 963 1925 1044 solidis

509 1110 611 1187 mille
633 1107 863 1216 quingentis,
885 1134 964 1212 quae
986 1104 1213 1182 venditionis
1231 1119 1330 1180 carta
1346 1101 1408 1177 hic
1429 1116 1484 1177 est
1499 1086 1649 1178 inserta.

1175 1437 1264 1507 XX.

792 1657 897 1698 ΕἊΡΤΙΟ
920 1654 1074 1695 BRLEFMDI
1098 1654 1219 1694 tonnus
1241 1653 1278 1693 ot
1301 1649 1393 1691 REBUS
1415 1630 1656 1691 turnascntrrts¹.

567 1875 758 1951 «Domino
788 1889 826 1948 et
855 1869 1058 1947 venerabili
1087 1866 1275 1945 Erlelrido
1303 1865 1427 1942 abbati
1457 1864 1504 1939 de
1529 1863 1755 1939 monasterio
1785 1863 1928 1951 Sithiu,

509 2004 750 2080 Darmundus
763 2001 947 2078 venditor.
964 2001 1121 2079 Constat
1131 2026 1191 2074 me
1204 2025 1282 2073 non
1293 1995 1511 2103 imaginario
1521 1993 1625 2100 jure,
1640 1991 1708 2069 sed
1717 1991 1932 2096 plenissima

509 2122 699 2208 voluntale
720 2131 789 2207 tibi
804 2131 1035 2217 vendidisse,
1057 2129 1161 2205 etita
1185 2124 1358 2216 vendidi,
1383 2122 1457 2200 hoc
1477 2138 1533 2198 est
1560 2121 1652 2197 duas
1676 2136 1799 2225 partes
1819 2119 1866 2195 de
1891 2147 1931 2195 re

507 2261 695 2365 portionis
704 2289 796 2335 mere
810 2261 849 2335 in
862 2259 945 2335 loco
961 2273 1201 2362 nuncupante
1212 2251 1506 2338 Saroaldsclusa,
1521 2277 1633 2355 super
1647 2249 1761 2326 lluvio
1772 2250 1929 2338 Sumna,

508 2391 547 2464 in
568 2418 663 2497 pago
683 2388 982 2474 Vermandense;
1004 2385 1179 2462 similiter
1195 2401 1233 2459 et
1249 2383 1289 2458 in
1304 2380 1514 2486 Appiliaco,
1532 2406 1645 2483 super
1663 2378 1778 2455 fluvio
1803 2379 1930 2467 Ysara,

510 2521 601 2595 duas
620 2535 744 2623 partes
772 2517 878 2593 sitam
907 2517 946 2593 in
971 2543 1067 2620 pago
1082 2511 1337 2601 Noviomensi3
1363 2538 1430 2586 seu
1454 2511 1494 2585 in
1518 2509 1611 2586 Diva
1643 2526 1681 2585 et
1711 2507 1932 2585 Corbunaco

510 2649 602 2724 duas
621 2664 762 2752 partes,
780 2645 828 2721 ad
844 2644 1033 2752 integrum
1049 2675 1057 2720 :
1074 2643 1147 2720 hoc
1168 2659 1224 2719 est
1243 2659 1319 2718 tam
1340 2642 1379 2717 in
1395 2641 1521 2731 terris,
1545 2638 1731 2726 domibus,
1748 2637 1933 2730 aediliciis,

510 2778 723 2881 mancipiis,
751 2775 882 2863 vineis,
909 2775 1066 2879 campis,
1095 2773 1213 2864 silvis,
1239 2772 1369 2877 pratis,
1398 2771 1559 2876 pascuis,
1585 2769 1690 2875 aquis
1712 2797 1936 2874 aquarumve

515 2903 751 2991 decursibus,
769 2901 969 2990 farinariis,
986 2900 1163 3006 peculiis,
1186 2900 1297 2976 cultis
1323 2917 1360 2975 et
1383 2900 1545 2975 incultis.
1562 2899 1835 3005 Suprascriptas
1850 2925 1938 3005 por-

512 3036 635 3110 tiones
651 3060 671 3106 a
690 3031 751 3106 die
767 3029 939 3134 praesenti
960 3027 1029 3102 tibi
1048 3028 1156 3105 trado
1178 3045 1288 3131 atque
1303 3028 1550 3104 transcribere
1565 3055 1657 3134 rogo
1672 3027 1938 3133 perpetualiter

514 3165 561 3240 ad
573 3158 858 3268 possidendum.
882 3157 990 3234 Unde
1011 3157 1135 3263 accepi
1158 3157 1198 3233 in
1219 3156 1362 3261 precio,
1380 3158 1486 3262 quod
1509 3157 1697 3235 internos
1714 3158 1813 3236 bene
1833 3186 1937 3234 com-

514 3293 673 3397 placuit,
688 3291 761 3368 hoc
778 3306 850 3379 est,
868 3288 968 3366 inter
983 3317 1118 3364 aurum
1134 3305 1172 3364 et
1192 3303 1406 3394 argentum,
1424 3287 1567 3365 solidos
1586 3287 1692 3364 mille
1710 3290 1936 3396 quingentos

513 3440 679 3509 tantum,
708 3421 760 3496 ita
791 3437 835 3496 ut
862 3447 882 3494 a
912 3418 973 3496 dic
1003 3419 1176 3523 presenti
1203 3418 1300 3523 ipsas
1326 3417 1520 3522 portiones
1548 3417 1730 3509 habendi,
1760 3420 1935 3510 tenendi,

515 3553 646 3644 dandi,
668 3549 874 3638 vendendi,
894 3547 1172 3639 commutandi,
1199 3546 1257 3624 vel
1272 3548 1454 3654 quicquid
1472 3549 1606 3625 exinde
1620 3549 1785 3627 volueris
1799 3549 1935 3639 facere,

515 3682 673 3759 liberam
695 3698 732 3757 et
751 3679 1023 3769 firmissimam,
1043 3678 1194 3756 Christo
1214 3678 1395 3783 propitio,
1413 3679 1451 3754 in
1468 3680 1645 3757 omnibus
1660 3680 1797 3759 habeas
1814 3696 1938 3785 potes-

514 3830 642 3889 tatem.
664 3811 704 3888 si
730 3809 815 3915 quis
834 3835 940 3896 vcro,
967 3809 1073 3915 quod
1092 3807 1266 3884 futurum
1286 3836 1459 3886 essenon
1484 3811 1615 3902 credo,
1634 3811 1664 3887 si
1685 3805 1754 3918 e'go
1774 3810 1853 3918 ipse
1873 3825 1939 3886 aut

516 3942 619 4019 ullus
644 3941 691 4016 de
712 3938 920 4016 heredibus
941 3940 1055 4029 meis,
1082 3937 1139 4015 vel
1168 3937 1347 4045 quislibet
1372 3941 1542 4047 opposita
1573 3957 1638 4017 aut
1662 3957 1834 4016 extranea
1854 3968 1939 4044 per-

515 4099 621 4161 sona,
635 4089 763 4147 contra
775 4072 870 4147 hanc
882 4069 1142 4146 venditionem
1152 4070 1312 4159 venerit,
1325 4069 1530 4149 inseramus
1539 4071 1645 4148 vobis
1657 4087 1807 4147 tantum
1817 4086 1855 4146 et
1867 4068 1939 4147 alia

515 4219 664 4280 tantum
678 4200 1255 4309 quantumavobisaccepimus3
1280 4201 1511 4308 duplamque
1524 4203 1740 4310 pecuniam,
1763 4200 1937 4278 consocio

516 4332 607 4409 fisco
629 4332 893 4439 distringente,
920 4348 1070 4408 coactus
1090 4330 1268 4420 exsolvat,
1292 4347 1331 4407 et
1348 4332 1453 4437 quod
1472 4333 1610 4439 repetit
1628 4324 1838 4408 evindicare
1859 4357 1938 4406 non

517 4460 653 4550 valeat;
677 4460 744 4537 sed
765 4461 844 4536 haec
862 4460 1029 4539 venditio
1050 4463 1154 4538 omni
1178 4478 1349 4566 temporo
1370 4462 1478 4540 firma
1498 4479 1718 4569 permaneat
1737 4489 1825 4539 cum
1849 4459 1939 4537 asti·

518 4589 711 4695 pulatioue
732 4588 899 4666 subnixa.
967 4590 971 4599 '

436 4759 440 4765 ’
560 4765 566 4792 ¹
590 4764 665 4825 Edit.
682 4765 761 4847 apud
777 4764 862 4848 Breq.
880 4764 999 4846 Diplom.
1019 4784 1084 4845 pag.
1106 4766 1176 4826 380.
