4478 5842
518 466 563 533 52
626 568 632 583 Ι
859 465 1272 541 CHARTULARIUM
1309 466 1589 541 SITHIENSE.
1679 544 1683 550 .

1169 789 1266 861 ΧΠ.

812 1011 1008 1053 coxi-'tatta'rto
1028 1010 1205 1054 rtteooetncr
1230 1013 1313 1055 neots
1334 1012 1373 1052 ott
1394 1012 1492 1055 EADEM
1514 992 1630 1055 CELI.A².

300 1296 379 1349 ,ap
396 1280 447 1345 aa,
601 1244 787 1335 Quotiens
814 1261 913 1321 recta
943 1244 1146 1351 postulatio
1174 1246 1412 1324 sacerdotum
1436 1247 1493 1324 vel
1515 1248 1805 1336 monachorum,
1826 1214 1932 1353 qutid

511 1402 577 1477 pro
605 1402 738 1450 eorum
758 1374 885 1479 quiete
905 1375 963 1450 vel
994 1375 1038 1450 ad
1061 1376 1194 1450 animae
1219 1377 1379 1453 salutem
1408 1377 1589 1482 pertinet,
1611 1376 1774 1455 libenter
1803 1376 1843 1451 in
1861 1375 1930 1453 Dei

511 1506 665 1581 nornine
695 1504 894 1595 obaudire,
920 1504 980 1580 rel
1007 1504 1200 1595 effectum,
1234 1505 1383 1583 Christo
1412 1508 1595 1612 propitio,
1633 1508 1841 1614 perducere
1873 1533 1934 1583 co·

510 1640 650 1743 ginrur3
670 1652 706 1710 ot
720 1635 793 1710 hoc
813 1634 912 1723 idco,
930 1650 974 1709 ut
990 1660 1053 1710 eos
1072 1634 1209 1711 melius
1225 1635 1387 1713 delectet
1401 1664 1470 1741 pro
1497 1635 1696 1713 stabilitate
1719 1638 1823 1743 regni
1835 1635 1935 1743 jugi·

510 1786 568 1842 ter
591 1792 740 1842 exorare
767 1762 826 1840 vol
851 1763 976 1841 Deum
997 1792 1066 1869 pro
1090 1765 1201 1842 nobis
1225 1766 1439 1871 deprecare.
1469 1766 1586 1873 Igitur
1608 1764 1762 1843 veniens
1789 1764 1844 1839 vir
1872 1792 1935 1841 ve·

511 1896 686 1973 ner-abilis
700 1895 887 1983 Bertinus,
904 1893 999 1970 abba
1016 1894 1063 1970 de
1080 1895 1307 1971 monasterio
1327 1896 1470 1985 Sithiu,
1487 1896 1592 2003 quod
1607 1913 1662 1972 est
1677 1910 1931 1972 constructum

512 2029 546 2101 in
571 2054 662 2135 pago
684 2029 941 2116 Tarnanense,
963 2025 1208 2102 inhonorem
1229 2026 1344 2103 sancti
1366 2026 1465 2103 Petri
1495 2025 1554 2102 vel
1578 2042 1798 2101 caeterorum
1831 2050 1936 2099 sanc·

511 2176 654 2247 torum,
673 2184 740 2262 per
752 2183 977 2233 eonsensum
997 2172 1034 2232 et
1049 2154 1282 2233 voluntatem
1302 2154 1459 2233 illustris
1474 2154 1539 2231 viri
1559 2151 1756 2231 Amallridi
1775 2153 1834 2231 vel
1853 2182 1932 2230 ma-

510 2306 625 2363 tronae
639 2287 757 2392 ipsius
773 2286 1093 2377 Childebcrtanae,
1111 2314 1179 2364 sen
1199 2286 1341 2364 ct'srliae
1362 2315 1495 2364 eorum
1516 2285 1700 2376 Auriana,
1726 2283 1929 2373 abbatissae,

510 2421 697 2497 Cariciaco
717 2418 820 2510 villa,
843 2419 882 2495 in
901 2417 1040 2526 palatio
1060 2436 1207 2512 nostro,
1225 2419 1265 2495 in
1285 2435 1450 2497 nostram
1469 2418 1660 2495 venientes
1676 2414 1930 2522 presentiam,

511 2550 718 2627 clementie
741 2551 846 2655 regni
867 2548 984 2626 nostri
1004 2548 1233 2641 intulerunt,
1260 2550 1427 2657 eoquod
1446 2548 1524 2655 ipse
1548 2546 1777 2624 Amallridus
1796 2564 1833 2622 et
1855 2572 1930 2621 ma-

510 2700 617 2756 trona
636 2709 701 2757 sua
718 2678 1032 2780 Childebertana,
1056 2680 1094 2755 in
1115 2681 1260 2758 honore
1276 2696 1409 2756 sanctae
1425 2678 1549 2755 Mariae
1566 2677 1754 2787 genitricis
1772 2676 1928 2755 Domini
1954 2730 1957 2735 -

509 2811 625 2885 nostri
649 2810 785 2898 Jlresu,
802 2807 860 2881 vel
879 2826 1011 2883 sanctae
1027 2808 1193 2902 Pollinre,
1212 2812 1252 2887 in
1264 2810 1348 2887 loco
1362 2824 1605 2915 nuncupante
1621 2804 1790 2884 Hunulso
1801 2802 1929 2897 Curte,
1952 2788 1979 2808 Η

509 2965 621 3041 super
636 2936 750 3012 llurio
766 2934 889 3027 Seald,
913 2938 1183 3013 monasterium
1196 2939 1263 3013 risi
1278 2937 1432 3015 luerunt
1448 2939 1664 3027 aedificasse3
1679 2954 1716 3015 et
1726 2966 1785 3015 res
1799 2964 1930 3015 eorum

511 3067 651 3142 ibidem
668 3064 921 3172 delegassent,
938 3065 996 3142 rel
1015 3065 1198 3172 quicquid
1218 3094 1351 3143 eorum
1368 3066 1578 3175 legitimum
1597 3085 1695 3144 esset
1707 3068 1788 3173 ipso
1803 3084 1930 3145 sancto

509 3200 593 3273 loeo
615 3197 877 3282 {irmarerunt3
911 3196 1024 3272 etiam
1052 3212 1089 3272 et
1115 3196 1178 3272 alii
1205 3197 1380 3275 homines
1404 3196 1534 3303 plures
1565 3198 1765 3276 devotione
1792 3198 1931 3305 plenis·

509 3329 617 3419 sima,
640 3328 678 3402 in
701 3343 884 3433 quantum
907 3326 960 3403 eis
980 3326 1206 3431 possibilitas
1226 3326 1274 3406 de
1294 3327 1408 3405 rebus
1426 3307 1558 3405 eorum
1577 3327 1720 3405 ibidem
1739 3329 1787 3405 ad
1805 3328 1929 3435 ipsum

508 3459 633 3535 locum
648 3458 912 3547 firmaverunt,
930 3474 967 3534 et
988 3457 1112 3565 ipsum
1132 3457 1586 3537 monasterium'Hunullo
1602 3458 1756 3536 Curtem
1773 3460 1820 3537 ad
1836 3488 1931 3567 opus

509 3590 624 3663 saneti
645 3589 745 3665 Petri
771 3616 837 3664 seu
863 3588 988 3665 sithiu
1013 3590 1230 3666 monasterii
1256 3590 1315 3667 vel
1336 3589 1467 3666 domni
1492 3588 1635 3666 Bertini
1657 3588 1815 3677 abbatis,
1844 3619 1931 3666 curn

441 3736 445 3745 '
510 3721 613 3795 omni
637 3720 849 3827 integritate
869 3747 935 3795 sua
950 3719 990 3794 in
1007 3748 1045 3796 se
1062 3718 1224 3797 habente
1240 3719 1298 3797 vel
1313 3721 1542 3827 pertinente,
1559 3749 1627 3827 per
1646 3748 1778 3799 eorum
1793 3720 1933 3797 instru-
1974 3798 1982 3815 ,

429 3890 433 3898 -
513 3869 635 3929 menta
663 3879 683 3925 a
703 3849 765 3924 dic
782 3866 965 3953 ‚praesente
988 3848 1275 3957 delegaverunt,
1297 3852 1463 3958 inspecta
1487 3852 1565 3959 ipsa
1589 3853 1839 3929 instrumenta
1857 3880 1932 3929 una

510 4010 596 4057 cum
628 3982 750 4071 torris,
772 3980 926 4069 mansis,
955 3981 1112 4058 casticiis
1136 3982 1279 4061 ibidem
1303 3982 1511 4075 aedificatis,
1534 3983 1747 4088 mancipiis,
1774 3986 1929 4090 campis,

510 4114 625 4201 silvis,
638 4091 774 4218 pratis,
795 4111 961 4217 pascuis,
986 4113 1092 4217 aquis
1112 4141 1336 4219 aquenumve
1357 4111 1809 4204 decursibus,farinariis,
1830 4141 1931 4191 com·

514 4245 669 4333 muniis,
691 4242 818 4337 omnia
838 4257 875 4315 et
890 4269 934 4316 ex
949 4242 1144 4333 omnibus,
1166 4270 1246 4318 rem
1263 4244 1536 4354 inexquisitam,
1554 4243 1652 4319 sieut
1665 4243 1836 4348 superius
1850 4244 1933 4319 inti·

512 4375 693 4448 mat-imus
707 4369 763 4448 vel
781 4371 1065 4448 denominatum
1084 4390 1150 4465 est,
1164 4373 1212 4450 ad
1232 4374 1420 4481 integrum
1435 4375 1684 4482 suprascripto
1704 4378 1930 4453 monasterio

512 4502 638 4578 Sitlriu
659 4498 1015 4577 transfirmaverunt.
1036 4502 1153 4610 Cujus
1172 4504 1245 4581 hoc
1264 4504 1491 4581 beneficium
1509 4505 1686 4611 praedicto
1702 4509 1931 4585 monasterio

513 4633 636 4710 Sitlriu
661 4629 717 4707 vel
740 4632 881 4708 donrno
900 4631 1054 4710 Bertino
1075 4632 1216 4725 abbati,
1233 4636 1389 4742 gratanti
1411 4636 1553 4725 animo,
1579 4635 1636 4713 vel
1661 4664 1731 4743 pro
1749 4636 1931 4717 mercedis

557 4794 563 4821 ¹
589 4790 669 4855 Hauc
681 4788 932 4855 confirmationem
944 4790 1108 4860 edidit,sed
1119 4811 1269 4861 mancam,
1285 4789 1489 4863 Mobillonius,
1502 4792 1546 4853 De
1561 4814 1590 4855 re
1605 4791 1713 4871 uptam.
1730 4812 1759 4875 p.
1776 4792 1847 4875 607.
