4478 5842
560 498 1364 576 ranssecunus-stuourstm.
1392 500 1459 570 111.
1571 478 1575 485 ’
1644 492 1716 568 515

300 642 342 718 in
360 642 504 722 eisdem
518 640 642 718 divina
656 640 846 720 celebrare
860 656 1065 748 presumat.
1088 640 1147 718 Ad
1161 639 1486 717 indicium-autem
1503 639 1618 745 hujus
1635 666 1720 743 per·

300 789 405 879 cepte
424 801 446 849 a
468 775 635 874 Romana
651 771 804 851 ecelesia
823 770 1024 860 libertatis,
1048 769 1206 878 singulis
1228 771 1352 863 annis,
1377 770 1528 847 unciam
1552 769 1633 844 auri
1653 768 1721 843 ub·

257 1004 263 1012 .
299 902 364 981 his
382 902 594 1010 nostrisque
621 901 898 982 successorihus
922 900 1154 1007 persolvatis.
1179 900 1429 978 Decernimus
1452 927 1541 1005 ergo
1561 916 1605 975 ut
1625 898 1720 975 nulli

301 1034 460 1111 ornniuo
479 1033 681 1112 hominum
704 1032 815 1109 liccat
832 1032 936 1108 idem
956 1031 1245 1123 monasterium,
1267 1056 1380 1136 super
1402 1032 1471 1107 hac
1491 1048 1618 1106 nostra
1634 1059 1722 1107 con-

302 1164 468 1242 cessione
483 1191 526 1240 aa
540 1161 844 1254 confirmatione,
864 1179 1008 1239 temere
1027 1160 1264 1266 perturbare,
1283 1178 1349 1238 aut
1367 1163 1449 1269 ejus
1469 1163 1722 1267 possessiones

301 1291 465 1385 auferre,
484 1292 544 1369 vel
558 1291 699 1370 ablatas
714 1293 894 1384 retinere,
912 1291 1105 1382 minuere,
1123 1319 1190 1368 seu
1209 1290 1445 1398 quibuslibet
1459 1291 1540 1369 aliis
1554 1293 1724 1368 molesta-

302 1423 471 1504 tionibus
479 1452 628 1513 veram
643 1422 712 1503 sed
724 1400 852 1502 omffla
862 1405 1007 1530 integra
1020 1439 1300 1512 conserventur,
1314 1448 1463 1511 eorum,
1478 1451 1548 1528 pro
1560 1449 1723 1528 quorum

302 1555 576 1664 gubernatione
601 1584 643 1633 ac
669 1553 967 1632 substentatione
993 1579 1168 1630 concessa
1194 1568 1301 1644 sunt,
1331 1552 1564 1631 omnimodis
1593 1547 1724 1630 usibus

302 1684 510 1792 probatura.
534 1684 575 1763 Si
597 1685 684 1792 quis
708 1710 797 1763 sane
823 1685 864 1760 in
883 1700 1080 1790 posterum
1107 1709 1186 1772 rex,
1217 1682 1293 1758 dux
1318 1681 1378 1758 ve'l
1405 1682 1589 1771 marchio,
1621 1685 1724 1789 prin·
1795 1685 1796 1689 ’

176 1846 185 1853 ·
303 1832 408 1922 ceps,
438 1815 935 1923 comes,·archiepiscopus,
956 1813 1173 1920 episcopus,
1199 1809 1259 1888 vel
1283 1810 1454 1918 quelibet
1480 1811 1725 1890 ecclesiastica

303 1944 525 2025 secularisve
555 1973 739 2052 persona,
775 1945 889 2052 hujus
917 1959 1045 2021 nostre
1076 1940 1355 2019 constitutionis
1384 1941 1557 2049 paginam
1581 1943 1722 2034 sciens,

304 2094 434 2154 contm
453 2104 537 2154 eam
556 2075 758 2154 temerario
776 2073 903 2152 venire
918 2072 1172 2181 temptaverit,
1193 2071 1360 2149 secundo
1380 2071 1537 2160 tertiove
1558 2102 1727 2152 commo·
1785 2068 1789 2074 ’

304 2210 399 2301 nita,
423 2194 549 2289 sinon
568 2236 732 2318 congrua
748 2205 1015 2287 emendatione
1032 2205 1268 2298 satisfecerit,
1283 2205 1478 2311 potestatis
1493 2206 1724 2311 honorisque

304 2339 362 2417 sul
384 2338 566 2449 dignitate
590 2354 729 2429 careat,
750 2364 930 2446 reamque
954 2364 994 2415 se
1023 2336 1149 2414 divino
1168 2335 1310 2443 juditio
1335 2335 1492 2414 existere
1520 2338 1567 2413 de
1594 2364 1727 2442 perpe-

175 2476 189 2509 ⁸
303 2485 401 2547 trata
419 2469 616 2578 iniquitate
632 2487 847 2578 cognoscat,
868 2486 907 2547 et
921 2497 942 2545 a
957 2467 1204 2585 samatissimo
1221 2495 1377 2574 corpore
1397 2486 1435 2545 et
1453 2469 1635 2577 sanguine
1653 2467 1725 2544 Dei

305 2614 346 2676 et
360 2597 518 2678 Domini
536 2598 789 2707 redemptoris
811 2599 931 2677 nostri
948 2599 1038 2676 Jesu
1057 2596 1198 2676 Christi
1218 2597 1340 2675 aliena
1366 2597 1451 2689 liat,
1473 2615 1511 2676 et
1529 2598 1570 2673 in
1587 2598 1725 2674 ultimo

305 2728 476 2807 examine
505 2729 671 2808 districte
696 2728 834 2808 ultioni
859 2728 1060 2837 subjaceat.
1088 2728 1243 2807 Cunctis
1269 2745 1395 2806 autem
1422 2729 1546 2806 eidem
1572 2727 1727 2807 ecclesie

305 2886 371 2937 sua
385 2859 474 2967 jura
489 2859 721 2940 servantibus
733 2860 780 2939 sit
798 2888 869 2967 pax
880 2859 1037 2938 Domini
1052 2859 1171 2936 nostri
1187 2860 1275 2938 Jesu
1295 2859 1453 2947 Christi,
1471 2860 1652 2966 quatinus
1665 2859 1727 2936 hic

304 2989 470 3071 huctum
491 2991 593 3071 bone
611 2992 768 3072 actionis
785 2992 1008 3101 percipiant,
1029 3009 1068 3070 et
1087 2991 1128 3068 in
1143 2989 1271 3070 futuro
1290 2991 1433 3099 premia
1459 3008 1587 3070 eterne
1609 2990 1727 3069 felici-

303 3121 391 3202 tatis
407 3122 611 3230 acquirant.
633 3120 772 3215 Amen,
787 3151 918 3215 amen,
939 3149 1062 3200 amen.

363 3253 469 3362 ·Ego
488 3253 744 3345 lurnesianus,
767 3251 951 3332 catholica
970 3251 1127 3333 ecclesie
1140 3251 1355 3361 episcopus,
1370 3251 1584 3360 subscripsi.

362 3383 530 3464 «Datum
546 3384 734 3475 laterani,
749 3412 818 3492 per
829 3412 984 3462 manum
999 3383 1230 3494 Haymerici‚
1247 3400 1373 3461 sancte
1387 3384 1557 3462 Romane
1572 3383 1726 3461 ecclesie
1854 3360 1870 3397 '¹

307 3515 453 3596 diacum
474 3515 674 3594 cardinalis
693 3532 731 3594 et
749 3514 976 3607 cancellarii,
995 3531 1099 3593 serto
1119 3510 1191 3591 hal.
1207 3540 1305 3620 may,
1321 3511 1528 3592 indictione
1547 3514 1725 3606 secunda,

306 3645 495 3727 dominice
516 3645 783 3746 incarnationis
801 3672 902 3723 anno
924 3659 966 3724 κθ
984 3658 1021 3724 0⁰
1036 3658 1169 3733 mm,
1189 3643 1430 3751 pontificatus
1449 3663 1574 3723 autem
1595 3646 1725 3722 domni

306 3776 517 3858 Innocentii
531 3805 626 3884 pape
641 3776 797 3855 secundi
812 3804 911 3855 anno
931 3774 1092 3855 decimo.
1108 3813 1121 3844 ι

364 3905 535 4012 «Adjuva
553 3933 639 3994 nos,
658 3905 763 3987 Deus
781 3905 1140 3985 salutaris-noster·
1193 3938 1199 3947 ·

964 4177 1082 4255 VIII.

350 4377 503 4435 mmm
525 4377 713 4422 mmmm
735 4376 901 4422 ttuocttru
924 4377 1012 4428 Pm,
1036 4340 1170 4429 ssleollO
1192 4380 1226 4422 11·
1248 4378 1476 4423 tacututacottts
1497 4381 1694 4424 rauustnnsts

451 4481 600 4533 8111111811,
621 4481 725 4525 601111
748 4480 784 4524 BT
805 4479 969 4526 BABOMBUS
991 4480 1148 4531 1111111111.
1169 4481 1207 4524 111
1229 4481 1320 4525 11111118
1342 4481 1406 4525 wel
1428 4482 1600 4526 blbsslt'l'dtss.

366 4648 657 4739 dnnocontius,
678 4647 892 4758 episcopus,
913 4677 1040 4729 servus
1057 4677 1249 4730 servorum
1264 4649 1353 4745 Dei,
1373 4648 1520 4732 dilectis
1545 4650 1634 4734 liliis
1654 4657 1726 4734 Mi·
1758 4669 1791 4719 ⁹⁶
1804 4682 1858 4736 err·
1874 4664 1951 4737 ’139-

309 4780 409 4876 lani,
424 4783 602 4891 episcopo
622 4780 848 4874 Mutinensi,
865 4780 1041 4890 Philippo
1060 4797 1101 4863 ot
1119 4780 1272 4873 Miloni,
1287 4781 1574 4876 archidiaconis,
1592 4802 1631 4864 et
1643 4803 1725 4863 toto
1784 4895 1788 4906 Ι

1473 4913 1515 4978 do
