4478 5842
312 454 388 535 230
662 463 1070 538 CHARTULARIUM
1093 462 1378 538 SITHIENSE.

312 631 387 691 me,
401 602 543 680 abbatis
553 605 666 680 sancti
678 606 840 697 Remini,
860 604 1050 681 Larnberti
1066 605 1237 692 nomine,
1250 605 1427 709 precibus
1439 605 1678 696 inclinatum,
1690 625 1733 684 ut

310 732 423 809 altare
445 734 493 810 de
509 735 737 825 Rumbeclre,
759 764 845 810 cum
862 734 1014 839 capellis
1030 734 1123 821 suis,
1137 733 1311 811 videlicet
1328 733 1599 842 Callringehem
1616 753 1732 844 atque

312 863 518 953 Hocanam,
535 881 615 939 turn
632 891 701 968 pro
714 863 884 939 remedio
902 864 1027 938 anime
1043 891 1146 950 mee,
1162 880 1245 938 tum
1261 892 1331 969 pro
1345 863 1499 941 fratrum
1515 866 1728 957 devotione,

311 991 464 1069 ecclesie
481 994 595 1069 sancti
611 995 751 1070 Bertini
773 1023 813 1069 ac
833 992 1010 1069 fratribus
1030 992 1083 1068 ibi
1098 994 1179 1069 Deo
1195 990 1440 1072 servientibus
1460 994 1727 1086 concederem,

312 1123 360 1196 ita
374 1139 499 1198 umen
513 1140 555 1199 nt
567 1123 662 1198 nulli
678 1146 934 1200 successorem
948 1150 1123 1200 meorum
1139 1123 1236 1198 benc
1250 1126 1530 1202 concessionem
1546 1125 1657 1202 liceat
1668 1127 1730 1202 in-

310 1251 471 1357 fringere
490 1253 547 1328 rel
572 1253 801 1339 diminuere,
822 1253 890 1329 sed
911 1242 1043 1328 fratres
1062 1253 1190 1358 quiete
1211 1271 1250 1329 et
1269 1253 1350 1330 sine
1369 1254 1541 1330 molestia
1558 1254 1731 1360 qualibet

309 1381 513 1484 predictam
528 1383 720 1459 ecclesiam
736 1382 951 1489 possideant
965 1383 1197 1472 ethabeantr
1211 1384 1473 1473 decernimus,
1486 1384 1646 1462 consilio
1657 1386 1733 1462 lio-

309 1512 418 1603 herti,
431 1512 681 1590 archidiaconi
692 1513 821 1604 nostri,
830 1538 980 1589 necnon
992 1528 1030 1588 et
1039 1529 1253 1589 ceterorum
1266 1513 1490 1590 clericorum
1498 1531 1730 1604 nostrorum,

308 1643 529 1747 supradictis
542 1643 789 1748 petitionibus
800 1642 1059 1748 adquiescere,
1071 1642 1126 1718 ita
1140 1641 1283 1718 scilicet
1297 1660 1341 1719 ut
1353 1644 1539 1748 presbiter
1557 1646 1730 1751 ejusdem
1848 1688 1853 1699 ·

313 1773 505 1876 parrochie
526 1802 546 1849 a
564 1803 626 1849 me
643 1774 702 1849 vel
715 1773 764 1850 ab
785 1772 1049 1849 archidiacono
1062 1772 1310 1850 tornacensis
1327 1773 1499 1865 ecclesie,
1518 1792 1633 1879 prout
1646 1802 1731 1852 con-

310 1904 473 1981 suetudo
487 1922 561 1995 est,
575 1928 706 1981 eurem
722 1902 893 2008 accipiat,
907 1920 949 1980 et
959 1902 1217 1982 obedientiam
1232 1920 1271 1980 et
1284 1903 1467 1980 sinodalia
1476 1905 1563 2011 jura
1573 1903 1730 1982 ecclesie

311 2036 535 2111 Tornacensi
556 2035 669 2111 michi
688 2053 726 2112 et
740 2035 834 2111 meis
849 2034 1030 2111 ministris
1045 2035 1191 2140 integre
1213 2032 1346 2124 solvat,
1369 2033 1465 2110 sicut
1482 2051 1590 2112 antea
1609 2034 1730 2111 faeere

310 2163 464 2265 solebat.
483 2167 585 2242 Hanc
600 2165 717 2274 igitur
726 2165 901 2242 tuitionis
915 2165 1089 2271 paginam
1106 2152 1218 2272 sigilli
1231 2164 1306 2240 mei
1321 2164 1570 2270 impressione
1586 2180 1625 2242 et
1639 2190 1733 2269 pon·

310 2294 437 2372 tificali
458 2296 677 2372 auctoritate
688 2294 1239 2401 firmavimusctquicumque
1253 2321 1338 2369 earn
1347 2293 1523 2399 qualibet
1536 2292 1731 2370 occasione

310 2423 513 2533 infringere
535 2425 818 2532 presumpserit,
846 2425 972 2531 quoad
999 2450 1118 2530 usque
1141 2422 1353 2530 resipiscat,
1378 2423 1733 2500 anathematisamus

312 2573 348 2631 et
369 2584 389 2631 a
407 2554 617 2633 lanhnibus
633 2573 757 2633 sancte
771 2554 909 2632 matris¹
918 2553 1085 2631 Ecclesia
1101 2571 1394 2661 sequestramus.

369 2703 528 2781 «llctn'm
552 2705 728 2796 Tornaci,
743 2728 850 2781 anno
870 2704 984 2782 Verbi
1011 2703 1190 2781 incarnati
1207 2703 1409 2785 millesimo
1435 2703 1640 2780 centesimo
1658 2701 1729 2777 de·-

316 2835 413 2910 cimo
435 2851 556 2923 sext0,
580 2835 787 2912 indictione
806 2853 919 2912 nona.

479 3033 624 3113 «Signum
648 3035 814 3105 bausenrr,
835 3036 1027 3097 Tornacensis
1049 3036 1187 3118 episcopi.
1212 3035 1337 3115 Signum
1357 3035 1503 3101 Roasnrr,
1523 3033 1729 3094 archidiaconi.

522 3135 648 3216 Signum
664 3134 791 3205 Gornnr,
812 3136 924 3196 decani.
943 3136 1068 3219 Signum
1090 3135 1243 3204 Gnnrsnr,
1264 3137 1406 3218 prepositi.
1425 3134 1550 3216 Signum
1573 3136 1734 3202 Bassum,

522 3240 656 3299 cantoris.
667 3226 794 3321 Signum
809 3236 949 3330 Hstaprdr,
963 3222 1075 3301 decani.

419 3339 501 3420 «Ego
521 3339 621 3406 Hnoo.
636 3339 839 3411 cancellarius,
855 3341 1013 3426 subscripsi
1028 3352 1057 3402 et
1071 3339 1192 3422 relegi·

966 3589 1081 3663 xlx.

365 3808 515 3849 EXENPLAR
538 3808 725 3851 sacerrimus
746 3807 932 3860 QUORUUDAH
953 3808 1120 3860 AUARNJH,
1143 3808 1268 3852 SCILIGH'
1289 3806 1440 3854 ntskus,
1462 3807 1681 3853 svstosxsnu,

825 3910 1032 3962 novenum,
1055 3910 1236 3953 malatesta.

153 4155 228 4205 11¹9.
374 4154 386 4184 ι
400 4116 441 4192 ln
457 4114 611 4192 nomine
626 4114 744 4191 Patris
760 4104 896 4191 etFilii
913 4132 951 4192 et
965 4106 1131 4223 Spiritus
1146 4108 1282 4193 Sancti.
1298 4116 1375 4220 Ego
1389 4113 1627 4203 Lambertus,
1648 4117 1732 4220 gr'a·

316 4248 365 4321 tia
377 4246 446 4323 Dei
458 4308 466 4336 ,
478 4246 773 4322 Tornacensium
786 4274 827 4323 ac
839 4246 1145 4325 Noviomensium
1161 4247 1371 4352 episcopus,
1386 4232 1489 4322 lratri
1507 4245 1728 4335 Lamberto,

314 4375 518 4451 venerabili
530 4374 786 4453 bbbdtisaticti
798 4375 959 4464 bertini,
980 4376 1418 4482 naisquesuocesseribue
1432 4376 1729 4480 imperpetuum.

317 4502 512 4612 Religionis
522 4503 809 4611 votisg‘ustisque
825 4505 1020 4583 desideriis
1041 4505 1200 4584 hilarem
1220 4535 1262 4582 ee
1281 4504 1428 4582 facilem
1444 4503 1733 4582 accommodare

318 4633 501 4711 debemus
522 4661 724 4711 assensum.
743 4635 840 4713 Cum
857 4636 1062 4743 siquidem,
1083 4635 1274 4712 karissime
1294 4634 1417 4726 frater,
1433 4634 1656 4713 venerabilis
1674 4633 1736 4711 ab

317 4765 363 4840 ba
378 4764 594 4853 Lamberte,
614 4764 808 4870 postulasti
825 4795 845 4841 a
861 4767 988 4858 nobis,
1009 4766 1057 4843 ad
1071 4766 1229 4843 fratrum
1251 4765 1521 4844 alimoniarum
1539 4764 1733 4843 servitium
