4478 5842
320 491 389 564 lit
667 491 1077 567 CHARTULARIUM
1101 483 1387 569 strillnttstt.

315 665 425 713 aures
444 635 656 728 offendant,
679 637 747 713 sed
767 635 894 742 potius
912 635 1134 742 quicunque
1152 637 1213 713 bis
1231 665 1270 712 se
1292 637 1521 717 correxerint
1538 637 1579 716 in
1592 666 1742 746 sincop-

313 769 458 843 tionem
487 766 653 844 frliorum
676 766 913 874 recipiendos
943 768 1219 874 congaudeant,
1248 767 1474 847 recollentes
1502 770 1610 876 quod
1639 798 1740 849 sacra

316 899 496 1002 scriptura
517 926 586 975 nos
605 898 773 989 instruit,
794 898 830 973 F
831 900 977 1002 inpellat
996 899 1164 974 Dominus
1189 927 1320 974 omnem
1329 900 1447 1003 filium
1470 929 1568 1003 quem
1596 909 1738 1007 recipit,·
1828 904 1834 913 ’

316 1048 351 1104 et
379 1030 482 1135 quod
505 1029 584 1135 ipsa
603 1029 736 1105 veritas
755 1029 997 1135 proloquitur
1016 1029 1200 1137 prophete
1223 1030 1414 1121 vaticinio,
1431 1031 1509 1136 Epo
1535 1062 1618 1136 qnos
1639 1062 1736 1120 omo,

313 1191 422 1265 orpuo
450 1177 483 1237 et
505 1165 655 1266 costipm
684 1159 853 1266 etquid,
881 1161 983 1267 quod
1015 1161 1093 1266 ipse
1118 1161 1307 1238 Dominus
1328 1163 1539 1270 evangelice
1563 1164 1736 1242 intonat:

313 1295 457 1369 Omnem
476 1294 656 1396 palmitem
675 1295 733 1394 qui
741 1296 1008 1397 sertfruetum,
1022 1294 1187 1396 pnryobit
1200 1321 1276 1369 eum
1291 1298 1491 1397 utfiuctnm
1504 1297 1582 1398 plns
1598 1298 1736 1403 offerat.

314 1423 421 1501 Unde
447 1422 665 1529 quicunque
685 1421 871 1497 valuerint
895 1422 933 1496 in
954 1421 1027 1498 vite
1052 1434 1263 1511 manentes,
1289 1423 1328 1498 in
1353 1423 1475 1500 musti.
1495 1423 1740 1503 dulcedinem

314 1570 568 1642 maturantes,
597 1551 805 1643 dulcorari,
837 1579 915 1629 non
949 1550 1136 1659 abnegent
1164 1553 1355 1630 dominice
1385 1554 1637 1663 castigationis
1667 1556 1740 1632 fre-

312 1684 443 1792 quenti
458 1684 558 1759 ferro
578 1683 708 1759 incidi.
731 1683 953 1760 Condecens
972 1683 1117 1790 quippe
1131 1700 1186 1760 est
1206 1685 1313 1789 pium
1329 1715 1371 1761 ac
1386 1686 1553 1793 justum,
1569 1687 1738 1794 judicem

311 1815 520 1892 Dominum
561 1830 732 1890 nostrum
769 1841 838 1890 nos
870 1813 1133 1919 multipliciter
1168 1814 1455 1921 delinquentes,
1488 1846 1590 1895 nuuc
1621 1819 1739 1896 minis

315 1949 391 2025 suis
410 1947 633 2037 terrificare,
661 1975 763 2023 nunc
784 1946 890 2022 duris
910 1945 1216 2054 objurgationum
1239 1977 1392 2026 suarum
1422 1948 1736 2042 immissionibus,

312 2079 424 2188 digne
444 2077 672 2154 multociens
688 2077 908 2168 correxisse,
934 2077 1127 2183 quatinus,
1155 2079 1460 2187 nobis.ejusdem
1486 2081 1575 2157 mali
1597 2081 1741 2187 saporis

311 2228 422 2318 gustu
437 2211 484 2287 ad
498 2228 651 2315 tempus
667 2209 909 2298 exacerbatis,
932 2225 1018 2314 post
1037 2237 1197 2321 superne
1219 2211 1357 2286 mentis
1371 2212 1489 2319 gratie
1505 2212 1576 2287 Dei
1598 2213 1738 2318 gratio-

309 2342 414 2419 ribus
435 2342 685 2418 exhilaremus
710 2341 836 2428 donis,
855 2356 965 2446 atque
990 2366 1104 2444 super
1120 2352 1200 2415 tos
1223 2340 1369 2416 tociens
1396 2340 1491 2417 facte
1515 2342 1737 2420 visitationis

310 2502 459 2581 semper
479 2501 685 2559 memores,
704 2472 743 2546 in
769 2470 913 2577 reliqua
935 2471 1008 2546 vite
1028 2487 1155 2547 nostre
1175 2488 1345 2575 tempora
1362 2471 1481 2548 simus
1500 2473 1736 2552 emendatio-

311 2633 380 2681 res.
398 2605 552 2682 Dultior
569 2604 709 2709 quippe
727 2602 836 2680 nobis
857 2619 913 2679 est
923 2630 1037 2706 apum
1052 2599 1172 2692 labor,
1195 2601 1225 2677 si
1243 2603 1347 2706 prius
1361 2603 1514 2679 tinxerit
1529 2632 1593 2682 ora
1613 2604 1735 2682 malus

310 2764 439 2840 sapor;
453 2736 593 2842 gratius
609 2752 704 2810 astra
725 2734 880 2821 micant,
897 2731 963 2808 ubi
989 2733 1129 2808 nothus
1146 2731 1386 2808 densissimas
1402 2731 1581 2839 fugaverit
1599 2733 1733 2812 nubes.

311 2865 425 2942 Sicsic
445 2864 627 2940 nimirum
648 2863 775 2952 nobis,
798 2853 913 2939 divini
929 2863 1084 2938 terroris
1105 2862 1205 2968 virga
1221 2862 1324 2970 juste
1347 2864 1497 2955 attritis,
1516 2880 1554 2941 et
1573 2894 1592 2941 a
1610 2893 1736 2970 pecca·

312 3013 436 3070 torum
455 3013 671 3073 nostrorum
691 3021 826 3070 cenosa
842 2992 1047 3070 infectione
1065 2993 1219 3098 penitus
1235 2993 1429 3085 defecatis,
1450 2995 1648 3102 utriusque
1665 2995 1735 3073 bo-

311 3123 424 3199 minis
438 3123 640 3229 puritatem
658 3150 744 3199 cum
760 3123 936 3229 gravitate
952 3150 1126 3219 morum,
1143 3123 1357 3229 sepedictus
1380 3141 1487 3231 pater
1511 3127 1734 3216 Rodericus,
1802 3191 1808 3207 .

310 3253 556 3364 regulamque
577 3253 694 3331 sancti
709 3253 906 3331 Benedicti
926 3251 1196 3330 observandam
1221 3255 1435 3360 proposuit,
1461 3257 1566 3363 cujus
1593 3274 1629 3333 et
1656 3258 1735 3364 ipse

308 3385 501 3464 studiosus
533 3385 701 3462 imitator
729 3401 767 3460 et
795 3383 1092 3462 ferventissimus
1124 3401 1268 3461 amator
1290 3413 1409 3490 usquo
1438 3385 1485 3462 ad
1516 3386 1633 3463 linem
1662 3389 1734 3464 vite

308 3516 524 3623 permansit.
544 3518 587 3592 ln
607 3515 853 3622 adquirendis
872 3544 959 3592 vero
979 3515 1094 3593 rebus
1113 3533 1189 3590 tam
1209 3513 1457 3593 exterioribus
1474 3544 1588 3622 quam
1608 3545 1736 3597 neces-

308 3648 413 3725 sariis
425 3646 684 3754 corporalibus
703 3644 974 3722 nichilominus
990 3645 1151 3723 sollicite
1173 3644 1386 3753 inviff‘lavit.
1409 3645 1621 3753 Adquisita,
1648 3646 1737 3725 licet

309 3808 386 3856 non
407 3778 551 3868 omnia,
569 3777 758 3886 gratisque
771 3776 858 3852 data
870 3775 1038 3882 largitate
1056 3775 1247 3866 fidelium,
1265 3774 1476 3855 litterarum
1491 3778 1734 3856 annotatione

308 3911 419 3987 lar-tis
436 3909 640 3999 mandavit,
657 3937 750 4015 quas
765 3908 900 3998 eciam,
917 3925 962 3984 ut
980 3925 1058 3984 rata
1073 3905 1200 3985 forent
1215 3907 1406 4014 inscripta,
1424 3925 1499 3987 tam
1520 3909 1734 4016 principum

307 4070 421 4148 quam
447 4041 710 4147 episcoporum
738 4039 976 4129 auctoritate,
998 4038 1095 4116 sicut
1114 4039 1281 4146 subjecta
1299 4068 1430 4117 earum
1455 4041 1593 4118 docent
1611 4070 1736 4123 exem-

306 4171 439 4276 plaria,
462 4201 528 4249 sua
542 4171 799 4278 postulatione
816 4166 1029 4247 confirmari
1047 4170 1271 4274 impetravit.

985 4465 1053 4540 Vl.

493 4646 529 4683 nt:
553 4644 765 4696 tenuissumas
787 4647 946 4688 TBthARUU
967 4649 1101 4689 8001»ssle
1126 4647 1159 4685 BT
1181 4626 1411 4684 GOtthiTnTlobE
1435 4649 1544 4688 EARUM.

362 4827 524 4915 lntenea,
543 4840 624 4902 osta
639 4775 905 4930 inquietudine
926 4826 1102 4903 adversus
1122 4851 1211 4903 eum
1230 4823 1278 4903 ab
1301 4824 1603 4904 inhabitantibus
1621 4854 1731 4932 quas·
