<?xml version="1.0" encoding="UTF-8"?>
<!DOCTYPE html PUBLIC "-//W3C//DTD XHTML 1.0 Transitional//EN"
    "http://www.w3.org/TR/xhtml1/DTD/xhtml1-transitional.dtd">
<html xmlns="http://www.w3.org/1999/xhtml" xml:lang="en" lang="en">
 <head>
  <title>
</title>
<meta http-equiv="Content-Type" content="text/html;charset=utf-8" />
  <meta name='ocr-system' content='tesseract 3.04.00' />
  <meta name='ocr-capabilities' content='ocr_page ocr_carea ocr_par ocr_line ocrx_word'/>
</head>
<body>
  <div class='ocr_page' id='page_1' title='image "./cartulairedelab00frangoog_0360.png"; bbox 0 0 4478 5842; ppageno 0'>
   <div class='ocr_carea' id='block_1_1' title="bbox 618 453 1774 530">
    <p class='ocr_par' dir='ltr' id='par_1_1' title="bbox 618 453 1774 530">
     <span class='ocr_line' id='line_1_1' title="bbox 618 453 1774 530; baseline -0.003 0"><span class='ocrx_word' id='word_1_1' title='bbox 618 459 747 530; x_wconf 80' lang='lat' dir='ltr'>PARS</span> <span class='ocrx_word' id='word_1_2' title='bbox 782 457 1027 530; x_wconf 83' lang='lat' dir='ltr'><strong>SECUNDA.</strong></span> <span class='ocrx_word' id='word_1_3' title='bbox 1047 500 1097 510; x_wconf 91' lang='lat'><em>-</em></span> <span class='ocrx_word' id='word_1_4' title='bbox 1116 454 1328 528; x_wconf 86' lang='lat' dir='ltr'><strong>SIMONIS</strong></span> <span class='ocrx_word' id='word_1_5' title='bbox 1354 457 1449 528; x_wconf 88' lang='lat' dir='ltr'><strong>LIB.</strong></span> <span class='ocrx_word' id='word_1_6' title='bbox 1477 459 1524 528; x_wconf 93' lang='grc' dir='ltr'><strong>ΙΙ.</strong></span> <span class='ocrx_word' id='word_1_7' title='bbox 1700 453 1774 527; x_wconf 76' lang='lat' dir='ltr'><strong>alt</strong></span> 
     </span>
    </p>
   </div>
   <div class='ocr_carea' id='block_1_2' title="bbox 251 593 1854 1741">
    <p class='ocr_par' dir='ltr' id='par_1_2' title="bbox 251 593 1854 1741">
     <span class='ocr_line' id='line_1_2' title="bbox 361 593 1777 698; baseline -0.001 -28"><span class='ocrx_word' id='word_1_8' title='bbox 361 596 585 672; x_wconf 89' lang='lat' dir='ltr'><strong>todiendum</strong></span> <span class='ocrx_word' id='word_1_9' title='bbox 597 599 860 674; x_wconf 88' lang='lat' dir='ltr'><strong>tantummodo</strong></span> <span class='ocrx_word' id='word_1_10' title='bbox 883 595 1177 687; x_wconf 77' lang='lat' dir='ltr'><strong>commendavit,</strong></span> <span class='ocrx_word' id='word_1_11' title='bbox 1196 611 1233 670; x_wconf 93' lang='lat' dir='ltr'><strong>et</strong></span> <span class='ocrx_word' id='word_1_12' title='bbox 1247 593 1396 670; x_wconf 91' lang='lat' dir='ltr'><strong>nullum</strong></span> <span class='ocrx_word' id='word_1_13' title='bbox 1421 595 1563 671; x_wconf 90' lang='lat' dir='ltr'><strong>donum</strong></span> <span class='ocrx_word' id='word_1_14' title='bbox 1581 596 1615 670; x_wconf 90' lang='lat' dir='ltr'><strong>ei</strong></span> <span class='ocrx_word' id='word_1_15' title='bbox 1636 595 1777 698; x_wconf 87' lang='lat' dir='ltr'><strong>aliqua-</strong></span> 
     </span>
     <span class='ocr_line' id='line_1_3' title="bbox 358 701 1778 831; baseline -0.001 -29"><span class='ocrx_word' id='word_1_16' title='bbox 358 744 467 803; x_wconf 91' lang='lat' dir='ltr'><strong>tenus</strong></span> <span class='ocrx_word' id='word_1_17' title='bbox 480 728 569 805; x_wconf 90' lang='lat' dir='ltr'><strong>inde</strong></span> <span class='ocrx_word' id='word_1_18' title='bbox 585 729 691 806; x_wconf 88' lang='lat' dir='ltr'><strong>lecit:</strong></span> <span class='ocrx_word' id='word_1_19' title='bbox 710 731 759 805; x_wconf 89' lang='lat' dir='ltr'><strong>ita</strong></span> <span class='ocrx_word' id='word_1_20' title='bbox 774 747 899 805; x_wconf 90' lang='lat' dir='ltr'><strong>tamen</strong></span> <span class='ocrx_word' id='word_1_21' title='bbox 913 701 1222 804; x_wconf 83' lang='lat' dir='ltr'><strong>uttamdiubanc</strong></span> <span class='ocrx_word' id='word_1_22' title='bbox 1237 728 1443 804; x_wconf 83' lang='lat' dir='ltr'><strong>custodiam</strong></span> <span class='ocrx_word' id='word_1_23' title='bbox 1459 727 1631 814; x_wconf 85' lang='lat' dir='ltr'><strong>haberet,</strong></span> <span class='ocrx_word' id='word_1_24' title='bbox 1646 755 1778 831; x_wconf 88' lang='lat' dir='ltr'><strong>quam-</strong></span> 
     </span>
     <span class='ocr_line' id='line_1_4' title="bbox 361 855 1775 965; baseline -0.001 -34"><span class='ocrx_word' id='word_1_25' title='bbox 361 856 426 932; x_wconf 88' lang='lat' dir='ltr'><strong>diu</strong></span> <span class='ocrx_word' id='word_1_26' title='bbox 446 857 570 937; x_wconf 83' lang='lat' dir='ltr'><strong>abbati</strong></span> <span class='ocrx_word' id='word_1_27' title='bbox 592 861 764 965; x_wconf 76' lang='lat' dir='ltr'>placeret.</span> <span class='ocrx_word' id='word_1_28' title='bbox 791 861 897 935; x_wconf 86' lang='lat' dir='ltr'>Idem</span> <span class='ocrx_word' id='word_1_29' title='bbox 917 876 1044 934; x_wconf 91' lang='lat' dir='ltr'><strong>tamen</strong></span> <span class='ocrx_word' id='word_1_30' title='bbox 1065 859 1288 935; x_wconf 90' lang='lat' dir='ltr'><strong>Lambertus</strong></span> <span class='ocrx_word' id='word_1_31' title='bbox 1309 859 1466 934; x_wconf 88' lang='lat' dir='ltr'><strong>omnino</strong></span> <span class='ocrx_word' id='word_1_32' title='bbox 1487 857 1658 962; x_wconf 83' lang='lat' dir='ltr'><strong>promisit</strong></span> <span class='ocrx_word' id='word_1_33' title='bbox 1682 874 1720 932; x_wconf 88' lang='lat' dir='ltr'><strong>et</strong></span> <span class='ocrx_word' id='word_1_34' title='bbox 1739 855 1775 930; x_wconf 89' lang='lat' dir='ltr'><strong>in</strong></span> 
     </span>
     <span class='ocr_line' id='line_1_5' title="bbox 271 985 1778 1093; baseline -0.004 -27"><span class='ocrx_word' id='word_1_35' title='bbox 271 1063 273 1066; x_wconf 84' lang='lat'>.</span> <span class='ocrx_word' id='word_1_36' title='bbox 360 989 644 1065; x_wconf 77' lang='lat' dir='ltr'>conventionem</span> <span class='ocrx_word' id='word_1_37' title='bbox 664 990 798 1066; x_wconf 88' lang='lat' dir='ltr'><strong>habuit</strong></span> <span class='ocrx_word' id='word_1_38' title='bbox 817 988 956 1078; x_wconf 89' lang='lat' dir='ltr'><strong>abbati,</strong></span> <span class='ocrx_word' id='word_1_39' title='bbox 975 1018 1098 1064; x_wconf 91' lang='lat' dir='ltr'><strong>coram</strong></span> <span class='ocrx_word' id='word_1_40' title='bbox 1121 988 1298 1093; x_wconf 79' lang='lat' dir='ltr'><strong>predictis</strong></span> <span class='ocrx_word' id='word_1_41' title='bbox 1318 987 1491 1074; x_wconf 78' lang='lat' dir='ltr'><strong>testibuS,</strong></span> <span class='ocrx_word' id='word_1_42' title='bbox 1509 988 1614 1091; x_wconf 84' lang='lat' dir='ltr'><strong>quod</strong></span> <span class='ocrx_word' id='word_1_43' title='bbox 1634 985 1778 1061; x_wconf 89' lang='lat' dir='ltr'><strong>nullam</strong></span> 
     </span>
     <span class='ocr_line' id='line_1_6' title="bbox 362 1116 1854 1223; baseline 0 -33"><span class='ocrx_word' id='word_1_44' title='bbox 362 1135 523 1192; x_wconf 89' lang='lat' dir='ltr'><strong>coactam</strong></span> <span class='ocrx_word' id='word_1_45' title='bbox 540 1119 760 1223; x_wconf 76' lang='lat' dir='ltr'><strong>petitionem</strong></span> <span class='ocrx_word' id='word_1_46' title='bbox 781 1119 819 1193; x_wconf 91' lang='lat' dir='ltr'><strong>in</strong></span> <span class='ocrx_word' id='word_1_47' title='bbox 844 1117 974 1192; x_wconf 88' lang='lat' dir='ltr'><strong>eadem</strong></span> <span class='ocrx_word' id='word_1_48' title='bbox 996 1116 1081 1191; x_wconf 80' lang='lat' dir='ltr'><strong>villa</strong></span> <span class='ocrx_word' id='word_1_49' title='bbox 1102 1116 1254 1207; x_wconf 85' lang='lat' dir='ltr'><strong>laceret,</strong></span> <span class='ocrx_word' id='word_1_50' title='bbox 1278 1146 1401 1222; x_wconf 91' lang='lat' dir='ltr'><strong>neque</strong></span> <span class='ocrx_word' id='word_1_51' title='bbox 1420 1118 1500 1192; x_wconf 92' lang='lat' dir='ltr'><strong>sine</strong></span> <span class='ocrx_word' id='word_1_52' title='bbox 1523 1145 1675 1192; x_wconf 89' lang='lat' dir='ltr'><strong>assensu</strong></span> <span class='ocrx_word' id='word_1_53' title='bbox 1695 1144 1780 1219; x_wconf 88' lang='lat' dir='ltr'><strong>pre·</strong></span> <span class='ocrx_word' id='word_1_54' title='bbox 1851 1134 1854 1139; x_wconf 80' lang='grc'>’</span> 
     </span>
     <span class='ocr_line' id='line_1_7' title="bbox 361 1245 1777 1353; baseline -0.002 -32"><span class='ocrx_word' id='word_1_55' title='bbox 361 1247 471 1349; x_wconf 89' lang='lat' dir='ltr'><strong>positi</strong></span> <span class='ocrx_word' id='word_1_56' title='bbox 493 1265 530 1323; x_wconf 93' lang='lat' dir='ltr'><strong>et</strong></span> <span class='ocrx_word' id='word_1_57' title='bbox 545 1249 686 1353; x_wconf 90' lang='lat' dir='ltr'><strong>juditio</strong></span> <span class='ocrx_word' id='word_1_58' title='bbox 708 1247 945 1324; x_wconf 88' lang='lat' dir='ltr'><strong>scabinorum</strong></span> <span class='ocrx_word' id='word_1_59' title='bbox 965 1275 1195 1352; x_wconf 89' lang='lat' dir='ltr'><strong>quemquam</strong></span> <span class='ocrx_word' id='word_1_60' title='bbox 1215 1247 1252 1320; x_wconf 89' lang='lat' dir='ltr'><strong>in</strong></span> <span class='ocrx_word' id='word_1_61' title='bbox 1274 1245 1613 1351; x_wconf 87' lang='lat' dir='ltr'><strong>villadepredaret,</strong></span> <span class='ocrx_word' id='word_1_62' title='bbox 1632 1271 1777 1333; x_wconf 92' lang='lat' dir='ltr'><strong>necea,</strong></span> 
     </span>
     <span class='ocr_line' id='line_1_8' title="bbox 251 1376 1778 1483; baseline -0.002 -31"><span class='ocrx_word' id='word_1_63' title='bbox 251 1412 271 1433; x_wconf 84' lang='lat'><strong>·-</strong></span> <span class='ocrx_word' id='word_1_64' title='bbox 361 1376 436 1481; x_wconf 86' lang='lat' dir='ltr'><strong>que</strong></span> <span class='ocrx_word' id='word_1_65' title='bbox 454 1378 499 1453; x_wconf 90' lang='lat' dir='ltr'><strong>de</strong></span> <span class='ocrx_word' id='word_1_66' title='bbox 512 1377 656 1481; x_wconf 88' lang='lat' dir='ltr'><strong>placitis</strong></span> <span class='ocrx_word' id='word_1_67' title='bbox 674 1378 718 1453; x_wconf 88' lang='lat' dir='ltr'><strong>ad</strong></span> <span class='ocrx_word' id='word_1_68' title='bbox 737 1379 910 1454; x_wconf 78' lang='lat' dir='ltr'><strong>abbatem</strong></span> <span class='ocrx_word' id='word_1_69' title='bbox 923 1378 1128 1483; x_wconf 84' lang='lat' dir='ltr'><strong>pertinent,</strong></span> <span class='ocrx_word' id='word_1_70' title='bbox 1151 1378 1200 1452; x_wconf 90' lang='lat' dir='ltr'><strong>ad</strong></span> <span class='ocrx_word' id='word_1_71' title='bbox 1216 1405 1254 1451; x_wconf 89' lang='lat' dir='ltr'><strong>se</strong></span> <span class='ocrx_word' id='word_1_72' title='bbox 1271 1377 1443 1482; x_wconf 91' lang='lat' dir='ltr'><strong>quolibet</strong></span> <span class='ocrx_word' id='word_1_73' title='bbox 1459 1377 1575 1452; x_wconf 91' lang='lat' dir='ltr'><strong>modo</strong></span> <span class='ocrx_word' id='word_1_74' title='bbox 1590 1376 1778 1462; x_wconf 82' lang='lat' dir='ltr'><strong>traberet;</strong></span> 
     </span>
     <span class='ocr_line' id='line_1_9' title="bbox 363 1503 1780 1612; baseline -0.001 -32"><span class='ocrx_word' id='word_1_75' title='bbox 363 1506 440 1580; x_wconf 90' lang='lat' dir='ltr'><strong>etsi</strong></span> <span class='ocrx_word' id='word_1_76' title='bbox 457 1509 694 1612; x_wconf 89' lang='lat' dir='ltr'><strong>querimonia</strong></span> <span class='ocrx_word' id='word_1_77' title='bbox 706 1510 752 1584; x_wconf 90' lang='lat' dir='ltr'><strong>de</strong></span> <span class='ocrx_word' id='word_1_78' title='bbox 769 1509 891 1612; x_wconf 88' lang='lat' dir='ltr'><strong>aliqua</strong></span> <span class='ocrx_word' id='word_1_79' title='bbox 905 1505 1137 1583; x_wconf 75' lang='lat' dir='ltr'><strong>forisfactura</strong></span> <span class='ocrx_word' id='word_1_80' title='bbox 1151 1506 1386 1583; x_wconf 90' lang='lat' dir='ltr'><strong>ministeriali</strong></span> <span class='ocrx_word' id='word_1_81' title='bbox 1403 1506 1516 1583; x_wconf 84' lang='lat' dir='ltr'><strong>luerit</strong></span> <span class='ocrx_word' id='word_1_82' title='bbox 1529 1504 1638 1596; x_wconf 85' lang='lat' dir='ltr'><strong>sacta,</strong></span> <span class='ocrx_word' id='word_1_83' title='bbox 1659 1503 1780 1581; x_wconf 89' lang='lat' dir='ltr'><strong>nulla·</strong></span> 
     </span>
     <span class='ocr_line' id='line_1_10' title="bbox 362 1635 1780 1741; baseline -0.001 -30"><span class='ocrx_word' id='word_1_84' title='bbox 362 1654 472 1714; x_wconf 88' lang='lat' dir='ltr'><strong>tenus</strong></span> <span class='ocrx_word' id='word_1_85' title='bbox 489 1639 686 1714; x_wconf 82' lang='lat' dir='ltr'><strong>admissam</strong></span> <span class='ocrx_word' id='word_1_86' title='bbox 703 1666 865 1726; x_wconf 87' lang='lat' dir='ltr'><strong>causam,</strong></span> <span class='ocrx_word' id='word_1_87' title='bbox 888 1636 958 1713; x_wconf 88' lang='lat' dir='ltr'><strong>nisi</strong></span> <span class='ocrx_word' id='word_1_88' title='bbox 972 1636 1125 1741; x_wconf 92' lang='lat' dir='ltr'><strong>publico</strong></span> <span class='ocrx_word' id='word_1_89' title='bbox 1141 1637 1294 1741; x_wconf 84' lang='lat' dir='ltr'><strong>placit0,</strong></span> <span class='ocrx_word' id='word_1_90' title='bbox 1319 1666 1442 1713; x_wconf 89' lang='lat' dir='ltr'><strong>coram</strong></span> <span class='ocrx_word' id='word_1_91' title='bbox 1456 1637 1646 1740; x_wconf 86' lang='lat' dir='ltr'><strong>preposito</strong></span> <span class='ocrx_word' id='word_1_92' title='bbox 1666 1651 1703 1710; x_wconf 89' lang='lat' dir='ltr'><strong>et</strong></span> <span class='ocrx_word' id='word_1_93' title='bbox 1717 1635 1780 1739; x_wconf 91' lang='lat' dir='ltr'><strong>ju-</strong></span> 
     </span>
    </p>
   </div>
   <div class='ocr_carea' id='block_1_3' title="bbox 364 1764 1781 1873">
    <p class='ocr_par' dir='ltr' id='par_1_3' title="bbox 364 1764 1781 1873">
     <span class='ocr_line' id='line_1_11' title="bbox 364 1764 1781 1873; baseline -0.001 -34"><span class='ocrx_word' id='word_1_94' title='bbox 364 1764 525 1857; x_wconf 90' lang='lat' dir='ltr'><strong>dicibus,</strong></span> <span class='ocrx_word' id='word_1_95' title='bbox 550 1768 833 1857; x_wconf 77' lang='lat' dir='ltr'><strong>determinaret3</strong></span> <span class='ocrx_word' id='word_1_96' title='bbox 853 1794 922 1841; x_wconf 91' lang='lat' dir='ltr'><strong>nec</strong></span> <span class='ocrx_word' id='word_1_97' title='bbox 939 1767 1165 1873; x_wconf 89' lang='lat' dir='ltr'><strong>quemlibet,</strong></span> <span class='ocrx_word' id='word_1_98' title='bbox 1188 1783 1273 1872; x_wconf 91' lang='lat' dir='ltr'><strong>post</strong></span> <span class='ocrx_word' id='word_1_99' title='bbox 1294 1766 1432 1843; x_wconf 85' lang='lat' dir='ltr'><strong>sactum</strong></span> <span class='ocrx_word' id='word_1_100' title='bbox 1458 1765 1678 1853; x_wconf 90' lang='lat' dir='ltr'><strong>clamorem,</strong></span> <span class='ocrx_word' id='word_1_101' title='bbox 1700 1765 1781 1838; x_wconf 90' lang='lat' dir='ltr'><strong>sine</strong></span> 
     </span>
    </p>
   </div>
   <div class='ocr_carea' id='block_1_4' title="bbox 364 1895 1789 3959">
    <p class='ocr_par' dir='ltr' id='par_1_4' title="bbox 364 1895 1789 3959">
     <span class='ocr_line' id='line_1_12' title="bbox 364 1895 1780 2002; baseline -0.001 -32"><span class='ocrx_word' id='word_1_102' title='bbox 364 1897 552 2002; x_wconf 91' lang='lat' dir='ltr'><strong>preposito</strong></span> <span class='ocrx_word' id='word_1_103' title='bbox 565 1898 842 1987; x_wconf 83' lang='lat' dir='ltr'><strong>reconciliaret3</strong></span> <span class='ocrx_word' id='word_1_104' title='bbox 859 1925 981 2002; x_wconf 92' lang='lat' dir='ltr'><strong>neque</strong></span> <span class='ocrx_word' id='word_1_105' title='bbox 992 1914 1131 1972; x_wconf 90' lang='lat' dir='ltr'><strong>terram</strong></span> <span class='ocrx_word' id='word_1_106' title='bbox 1141 1899 1180 1971; x_wconf 90' lang='lat' dir='ltr'><strong>in</strong></span> <span class='ocrx_word' id='word_1_107' title='bbox 1192 1896 1279 1971; x_wconf 86' lang='lat' dir='ltr'><strong>villa</strong></span> <span class='ocrx_word' id='word_1_108' title='bbox 1291 1897 1370 1973; x_wconf 86' lang='lat' dir='ltr'><strong>sine</strong></span> <span class='ocrx_word' id='word_1_109' title='bbox 1381 1898 1572 1974; x_wconf 89' lang='lat' dir='ltr'><strong>voluntate</strong></span> <span class='ocrx_word' id='word_1_110' title='bbox 1585 1912 1622 1971; x_wconf 90' lang='lat' dir='ltr'><strong>et</strong></span> <span class='ocrx_word' id='word_1_111' title='bbox 1631 1895 1780 1971; x_wconf 88' lang='lat' dir='ltr'><strong>licentia</strong></span> 
     </span>
     <span class='ocr_line' id='line_1_13' title="bbox 364 2024 1783 2134; baseline -0.001 -34"><span class='ocrx_word' id='word_1_112' title='bbox 364 2026 506 2104; x_wconf 87' lang='lat' dir='ltr'><strong>abbatis</strong></span> <span class='ocrx_word' id='word_1_113' title='bbox 518 2045 675 2119; x_wconf 90' lang='lat' dir='ltr'><strong>emeret,</strong></span> <span class='ocrx_word' id='word_1_114' title='bbox 692 2058 760 2134; x_wconf 92' lang='lat' dir='ltr'><strong>pro</strong></span> <span class='ocrx_word' id='word_1_115' title='bbox 777 2056 821 2103; x_wconf 91' lang='lat' dir='ltr'><strong>eo</strong></span> <span class='ocrx_word' id='word_1_116' title='bbox 832 2028 936 2132; x_wconf 90' lang='lat' dir='ltr'><strong>quod</strong></span> <span class='ocrx_word' id='word_1_117' title='bbox 950 2043 1056 2132; x_wconf 90' lang='lat' dir='ltr'><strong>pater</strong></span> <span class='ocrx_word' id='word_1_118' title='bbox 1070 2056 1159 2103; x_wconf 90' lang='lat' dir='ltr'><strong>suus</strong></span> <span class='ocrx_word' id='word_1_119' title='bbox 1173 2055 1327 2103; x_wconf 89' lang='lat' dir='ltr'><strong>censum</strong></span> <span class='ocrx_word' id='word_1_120' title='bbox 1341 2043 1439 2102; x_wconf 87' lang='lat' dir='ltr'><strong>terre</strong></span> <span class='ocrx_word' id='word_1_121' title='bbox 1458 2057 1525 2103; x_wconf 93' lang='lat' dir='ltr'><strong>sue</strong></span> <span class='ocrx_word' id='word_1_122' title='bbox 1539 2055 1687 2132; x_wconf 89' lang='lat' dir='ltr'><strong>semper</strong></span> <span class='ocrx_word' id='word_1_123' title='bbox 1700 2024 1783 2099; x_wconf 91' lang='lat' dir='ltr'><strong>reti-</strong></span> 
     </span>
     <span class='ocr_line' id='line_1_14' title="bbox 365 2148 1782 2264; baseline -0.003 -32"><span class='ocrx_word' id='word_1_124' title='bbox 365 2148 517 2248; x_wconf 83' lang='lat' dir='ltr'><strong>nuerat3</strong></span> <span class='ocrx_word' id='word_1_125' title='bbox 534 2187 657 2264; x_wconf 93' lang='lat' dir='ltr'><strong>neque</strong></span> <span class='ocrx_word' id='word_1_126' title='bbox 670 2177 833 2234; x_wconf 87' lang='lat' dir='ltr'><strong>stramen</strong></span> <span class='ocrx_word' id='word_1_127' title='bbox 848 2186 1050 2264; x_wconf 91' lang='lat' dir='ltr'><strong>equorum,</strong></span> <span class='ocrx_word' id='word_1_128' title='bbox 1066 2157 1136 2234; x_wconf 91' lang='lat' dir='ltr'><strong>nisi</strong></span> <span class='ocrx_word' id='word_1_129' title='bbox 1149 2187 1235 2233; x_wconf 91' lang='lat' dir='ltr'><strong>cum</strong></span> <span class='ocrx_word' id='word_1_130' title='bbox 1248 2157 1610 2246; x_wconf 85' lang='lat' dir='ltr'><strong>voluntateabbatis,</strong></span> <span class='ocrx_word' id='word_1_131' title='bbox 1628 2157 1666 2231; x_wconf 89' lang='lat' dir='ltr'><strong>in</strong></span> <span class='ocrx_word' id='word_1_132' title='bbox 1681 2155 1782 2230; x_wconf 89' lang='lat' dir='ltr'><strong>curia</strong></span> 
     </span>
     <span class='ocr_line' id='line_1_15' title="bbox 365 2285 1783 2393; baseline -0.004 -30"><span class='ocrx_word' id='word_1_133' title='bbox 365 2288 531 2365; x_wconf 89' lang='lat' dir='ltr'><strong>haberet.</strong></span> <span class='ocrx_word' id='word_1_134' title='bbox 549 2289 646 2366; x_wconf 90' lang='lat' dir='ltr'><strong>Cum</strong></span> <span class='ocrx_word' id='word_1_135' title='bbox 667 2318 753 2365; x_wconf 92' lang='lat' dir='ltr'><strong>vero</strong></span> <span class='ocrx_word' id='word_1_136' title='bbox 770 2287 907 2366; x_wconf 89' lang='lat' dir='ltr'><strong>milites</strong></span> <span class='ocrx_word' id='word_1_137' title='bbox 920 2287 1007 2365; x_wconf 88' lang='lat' dir='ltr'><strong>ville</strong></span> <span class='ocrx_word' id='word_1_138' title='bbox 1023 2288 1062 2365; x_wconf 90' lang='lat' dir='ltr'><strong>in</strong></span> <span class='ocrx_word' id='word_1_139' title='bbox 1082 2287 1361 2393; x_wconf 86' lang='lat' dir='ltr'><strong>expeditionem</strong></span> <span class='ocrx_word' id='word_1_140' title='bbox 1382 2288 1530 2364; x_wconf 83' lang='lat' dir='ltr'><strong>comitis</strong></span> <span class='ocrx_word' id='word_1_141' title='bbox 1552 2285 1685 2362; x_wconf 91' lang='lat' dir='ltr'><strong>moniti</strong></span> <span class='ocrx_word' id='word_1_142' title='bbox 1702 2313 1783 2391; x_wconf 93' lang='lat' dir='ltr'><strong>pro·</strong></span> 
     </span>
     <span class='ocr_line' id='line_1_16' title="bbox 365 2416 1779 2524; baseline -0.003 -30"><span class='ocrx_word' id='word_1_143' title='bbox 365 2418 476 2494; x_wconf 88' lang='lat' dir='ltr'><strong>ficisci</strong></span> <span class='ocrx_word' id='word_1_144' title='bbox 490 2418 686 2509; x_wconf 89' lang='lat' dir='ltr'><strong>deberent,</strong></span> <span class='ocrx_word' id='word_1_145' title='bbox 698 2419 928 2524; x_wconf 89' lang='lat' dir='ltr'><strong>prepositus,</strong></span> <span class='ocrx_word' id='word_1_146' title='bbox 945 2447 1030 2494; x_wconf 91' lang='lat' dir='ltr'><strong>cum</strong></span> <span class='ocrx_word' id='word_1_147' title='bbox 1045 2418 1201 2494; x_wconf 89' lang='lat' dir='ltr'><strong>consilio</strong></span> <span class='ocrx_word' id='word_1_148' title='bbox 1214 2418 1467 2496; x_wconf 81' lang='lat' dir='ltr'><strong>ministerialis</strong></span> <span class='ocrx_word' id='word_1_149' title='bbox 1481 2436 1518 2494; x_wconf 92' lang='lat' dir='ltr'><strong>et</strong></span> <span class='ocrx_word' id='word_1_150' title='bbox 1531 2416 1779 2503; x_wconf 89' lang='lat' dir='ltr'><strong>scabinorum,</strong></span> 
     </span>
     <span class='ocr_line' id='line_1_17' title="bbox 366 2548 1782 2654; baseline -0.002 -30"><span class='ocrx_word' id='word_1_151' title='bbox 366 2549 412 2624; x_wconf 91' lang='lat' dir='ltr'><strong>de</strong></span> <span class='ocrx_word' id='word_1_152' title='bbox 432 2578 509 2624; x_wconf 95' lang='lat' dir='ltr'><strong>uno</strong></span> <span class='ocrx_word' id='word_1_153' title='bbox 532 2549 743 2654; x_wconf 88' lang='lat' dir='ltr'><strong>pauperiori</strong></span> <span class='ocrx_word' id='word_1_154' title='bbox 767 2549 886 2624; x_wconf 91' lang='lat' dir='ltr'><strong>milite</strong></span> <span class='ocrx_word' id='word_1_155' title='bbox 904 2549 1207 2652; x_wconf 86' lang='lat' dir='ltr'><strong>redemptionem</strong></span> <span class='ocrx_word' id='word_1_156' title='bbox 1227 2548 1425 2652; x_wconf 89' lang='lat' dir='ltr'><strong>accipiens,</strong></span> <span class='ocrx_word' id='word_1_157' title='bbox 1451 2549 1619 2654; x_wconf 88' lang='lat' dir='ltr'><strong>quinque</strong></span> <span class='ocrx_word' id='word_1_158' title='bbox 1641 2548 1782 2623; x_wconf 91' lang='lat' dir='ltr'><strong>solidos</strong></span> 
     </span>
     <span class='ocr_line' id='line_1_18' title="bbox 366 2676 1781 2784; baseline -0.001 -30"><span class='ocrx_word' id='word_1_159' title='bbox 366 2696 402 2754; x_wconf 93' lang='lat' dir='ltr'><strong>et</strong></span> <span class='ocrx_word' id='word_1_160' title='bbox 420 2696 581 2784; x_wconf 91' lang='lat' dir='ltr'><strong>quatuor</strong></span> <span class='ocrx_word' id='word_1_161' title='bbox 597 2707 773 2754; x_wconf 89' lang='lat' dir='ltr'><strong>nummos</strong></span> <span class='ocrx_word' id='word_1_162' title='bbox 790 2677 1038 2766; x_wconf 86' lang='lat' dir='ltr'><strong>ministeriali,</strong></span> <span class='ocrx_word' id='word_1_163' title='bbox 1057 2679 1104 2754; x_wconf 88' lang='lat' dir='ltr'><strong>ad</strong></span> <span class='ocrx_word' id='word_1_164' title='bbox 1120 2705 1297 2782; x_wconf 84' lang='lat' dir='ltr'><strong>expensas</strong></span> <span class='ocrx_word' id='word_1_165' title='bbox 1312 2707 1395 2753; x_wconf 89' lang='lat' dir='ltr'><strong>suas</strong></span> <span class='ocrx_word' id='word_1_166' title='bbox 1405 2679 1444 2753; x_wconf 92' lang='lat' dir='ltr'><strong>in</strong></span> <span class='ocrx_word' id='word_1_167' title='bbox 1459 2677 1605 2754; x_wconf 88' lang='lat' dir='ltr'><strong>bostem</strong></span> <span class='ocrx_word' id='word_1_168' title='bbox 1618 2676 1781 2766; x_wconf 88' lang='lat' dir='ltr'><strong>comitis,</strong></span> 
     </span>
     <span class='ocr_line' id='line_1_19' title="bbox 365 2806 1784 2916; baseline 0 -34"><span class='ocrx_word' id='word_1_169' title='bbox 365 2810 404 2882; x_wconf 90' lang='lat' dir='ltr'><strong>in</strong></span> <span class='ocrx_word' id='word_1_170' title='bbox 428 2808 608 2883; x_wconf 81' lang='lat' dir='ltr'><strong>auxilium</strong></span> <span class='ocrx_word' id='word_1_171' title='bbox 632 2811 757 2899; x_wconf 78' lang='lat' dir='ltr'><strong>daret3</strong></span> <span class='ocrx_word' id='word_1_172' title='bbox 778 2808 924 2914; x_wconf 89' lang='lat' dir='ltr'><strong>relique</strong></span> <span class='ocrx_word' id='word_1_173' title='bbox 949 2837 1035 2884; x_wconf 86' lang='lat' dir='ltr'><strong>vero</strong></span> <span class='ocrx_word' id='word_1_174' title='bbox 1057 2809 1221 2885; x_wconf 91' lang='lat' dir='ltr'><strong>militum</strong></span> <span class='ocrx_word' id='word_1_175' title='bbox 1238 2809 1537 2914; x_wconf 87' lang='lat' dir='ltr'><strong>redemptiones,</strong></span> <span class='ocrx_word' id='word_1_176' title='bbox 1558 2810 1681 2916; x_wconf 93' lang='lat' dir='ltr'><strong>sique</strong></span> <span class='ocrx_word' id='word_1_177' title='bbox 1702 2806 1784 2882; x_wconf 88' lang='lat' dir='ltr'><strong>lue-</strong></span> 
     </span>
     <span class='ocr_line' id='line_1_20' title="bbox 366 2938 1782 3046; baseline 0 -32"><span class='ocrx_word' id='word_1_178' title='bbox 366 2955 470 3030; x_wconf 92' lang='lat' dir='ltr'><strong>runt,</strong></span> <span class='ocrx_word' id='word_1_179' title='bbox 487 2967 565 3014; x_wconf 92' lang='lat' dir='ltr'><strong>non</strong></span> <span class='ocrx_word' id='word_1_180' title='bbox 586 2940 633 3014; x_wconf 89' lang='lat' dir='ltr'><strong>ad</strong></span> <span class='ocrx_word' id='word_1_181' title='bbox 646 2939 946 3030; x_wconf 89' lang='lat' dir='ltr'><strong>ministerialem,</strong></span> <span class='ocrx_word' id='word_1_182' title='bbox 969 2938 1035 3015; x_wconf 90' lang='lat' dir='ltr'><strong>sed</strong></span> <span class='ocrx_word' id='word_1_183' title='bbox 1055 2940 1102 3015; x_wconf 89' lang='lat' dir='ltr'><strong>ad</strong></span> <span class='ocrx_word' id='word_1_184' title='bbox 1122 2939 1293 3015; x_wconf 83' lang='lat' dir='ltr'><strong>abbatem</strong></span> <span class='ocrx_word' id='word_1_185' title='bbox 1311 2939 1554 3046; x_wconf 89' lang='lat' dir='ltr'><strong>pertinerent.</strong></span> <span class='ocrx_word' id='word_1_186' title='bbox 1572 2942 1782 3028; x_wconf 91' lang='lat' dir='ltr'><strong>Postremo,</strong></span> 
     </span>
     <span class='ocr_line' id='line_1_21' title="bbox 368 3069 1782 3177; baseline 0.001 -33"><span class='ocrx_word' id='word_1_187' title='bbox 368 3069 509 3146; x_wconf 88' lang='lat' dir='ltr'><strong>nullam</strong></span> <span class='ocrx_word' id='word_1_188' title='bbox 533 3070 709 3176; x_wconf 88' lang='lat' dir='ltr'><strong>injuriam</strong></span> <span class='ocrx_word' id='word_1_189' title='bbox 731 3071 770 3146; x_wconf 92' lang='lat' dir='ltr'><strong>in</strong></span> <span class='ocrx_word' id='word_1_190' title='bbox 791 3071 957 3175; x_wconf 88' lang='lat' dir='ltr'><strong>predicta</strong></span> <span class='ocrx_word' id='word_1_191' title='bbox 981 3069 1067 3146; x_wconf 89' lang='lat' dir='ltr'><strong>villa</strong></span> <span class='ocrx_word' id='word_1_192' title='bbox 1083 3070 1230 3147; x_wconf 86' lang='lat' dir='ltr'><strong>laceret.</strong></span> <span class='ocrx_word' id='word_1_193' title='bbox 1252 3073 1299 3146; x_wconf 85' lang='lat' dir='ltr'><strong>Et</strong></span> <span class='ocrx_word' id='word_1_194' title='bbox 1321 3072 1350 3147; x_wconf 92' lang='lat' dir='ltr'><strong>si</strong></span> <span class='ocrx_word' id='word_1_195' title='bbox 1372 3072 1411 3146; x_wconf 93' lang='lat' dir='ltr'><strong>in</strong></span> <span class='ocrx_word' id='word_1_196' title='bbox 1433 3072 1564 3147; x_wconf 90' lang='lat' dir='ltr'><strong>eadem</strong></span> <span class='ocrx_word' id='word_1_197' title='bbox 1581 3070 1667 3147; x_wconf 86' lang='lat' dir='ltr'><strong>villa</strong></span> <span class='ocrx_word' id='word_1_198' title='bbox 1681 3070 1782 3177; x_wconf 91' lang='lat' dir='ltr'><strong>quod</strong></span> 
     </span>
     <span class='ocr_line' id='line_1_22' title="bbox 368 3200 1786 3308; baseline 0.001 -33"><span class='ocrx_word' id='word_1_199' title='bbox 368 3200 540 3276; x_wconf 87' lang='lat' dir='ltr'><strong>homines</strong></span> <span class='ocrx_word' id='word_1_200' title='bbox 560 3200 658 3305; x_wconf 90' lang='lat' dir='ltr'><strong>pand</strong></span> <span class='ocrx_word' id='word_1_201' title='bbox 680 3218 812 3281; x_wconf 86' lang='lat' dir='ltr'><strong>vocant</strong></span> <span class='ocrx_word' id='word_1_202' title='bbox 829 3200 1019 3305; x_wconf 87' lang='lat' dir='ltr'><strong>accipitur,</strong></span> <span class='ocrx_word' id='word_1_203' title='bbox 1046 3230 1249 3308; x_wconf 89' lang='lat' dir='ltr'><strong>nusquam,</strong></span> <span class='ocrx_word' id='word_1_204' title='bbox 1268 3201 1339 3278; x_wconf 93' lang='lat' dir='ltr'><strong>nisi</strong></span> <span class='ocrx_word' id='word_1_205' title='bbox 1359 3202 1398 3277; x_wconf 92' lang='lat' dir='ltr'><strong>in</strong></span> <span class='ocrx_word' id='word_1_206' title='bbox 1413 3202 1515 3277; x_wconf 86' lang='lat' dir='ltr'><strong>curia</strong></span> <span class='ocrx_word' id='word_1_207' title='bbox 1537 3201 1696 3292; x_wconf 86' lang='lat' dir='ltr'><strong>abbatis,</strong></span> <span class='ocrx_word' id='word_1_208' title='bbox 1720 3201 1786 3277; x_wconf 92' lang='lat' dir='ltr'><strong>de-</strong></span> 
     </span>
     <span class='ocr_line' id='line_1_23' title="bbox 367 3329 1785 3439; baseline -0.001 -33"><span class='ocrx_word' id='word_1_209' title='bbox 367 3348 540 3434; x_wconf 87' lang='lat' dir='ltr'><strong>ponetur.</strong></span> <span class='ocrx_word' id='word_1_210' title='bbox 560 3333 607 3407; x_wconf 87' lang='lat' dir='ltr'><strong>Et</strong></span> <span class='ocrx_word' id='word_1_211' title='bbox 629 3330 675 3406; x_wconf 93' lang='lat' dir='ltr'><strong>de</strong></span> <span class='ocrx_word' id='word_1_212' title='bbox 702 3329 878 3407; x_wconf 88' lang='lat' dir='ltr'><strong>omnibus</strong></span> <span class='ocrx_word' id='word_1_213' title='bbox 896 3330 1208 3408; x_wconf 88' lang='lat' dir='ltr'><strong>submanentibus</strong></span> <span class='ocrx_word' id='word_1_214' title='bbox 1227 3362 1294 3409; x_wconf 90' lang='lat' dir='ltr'><strong>seu</strong></span> <span class='ocrx_word' id='word_1_215' title='bbox 1314 3332 1525 3439; x_wconf 89' lang='lat' dir='ltr'><strong>hospitibus</strong></span> <span class='ocrx_word' id='word_1_216' title='bbox 1542 3331 1700 3419; x_wconf 86' lang='lat' dir='ltr'><strong>abbatis,</strong></span> <span class='ocrx_word' id='word_1_217' title='bbox 1728 3330 1785 3407; x_wconf 93' lang='lat' dir='ltr'><strong>vel</strong></span> 
     </span>
     <span class='ocr_line' id='line_1_24' title="bbox 370 3460 1787 3568; baseline -0.001 -32"><span class='ocrx_word' id='word_1_218' title='bbox 370 3463 416 3538; x_wconf 93' lang='lat' dir='ltr'><strong>de</strong></span> <span class='ocrx_word' id='word_1_219' title='bbox 437 3461 550 3538; x_wconf 89' lang='lat' dir='ltr'><strong>rebus</strong></span> <span class='ocrx_word' id='word_1_220' title='bbox 567 3491 698 3539; x_wconf 89' lang='lat' dir='ltr'><strong>eorum</strong></span> <span class='ocrx_word' id='word_1_221' title='bbox 719 3461 784 3568; x_wconf 91' lang='lat' dir='ltr'><strong>qui</strong></span> <span class='ocrx_word' id='word_1_222' title='bbox 806 3462 843 3536; x_wconf 94' lang='lat' dir='ltr'><strong>in</strong></span> <span class='ocrx_word' id='word_1_223' title='bbox 864 3460 986 3566; x_wconf 86' lang='lat' dir='ltr'><strong>burgo</strong></span> <span class='ocrx_word' id='word_1_224' title='bbox 1005 3462 1063 3538; x_wconf 84' lang='lat' dir='ltr'><strong>vel</strong></span> <span class='ocrx_word' id='word_1_225' title='bbox 1079 3463 1117 3537; x_wconf 90' lang='lat' dir='ltr'><strong>in</strong></span> <span class='ocrx_word' id='word_1_226' title='bbox 1136 3462 1224 3537; x_wconf 88' lang='lat' dir='ltr'><strong>villa</strong></span> <span class='ocrx_word' id='word_1_227' title='bbox 1239 3479 1408 3551; x_wconf 91' lang='lat' dir='ltr'><strong>manent,</strong></span> <span class='ocrx_word' id='word_1_228' title='bbox 1426 3461 1697 3550; x_wconf 87' lang='lat' dir='ltr'><strong>ministerialis,</strong></span> <span class='ocrx_word' id='word_1_229' title='bbox 1715 3460 1787 3536; x_wconf 89' lang='lat' dir='ltr'><strong>nisi</strong></span> 
     </span>
     <span class='ocr_line' id='line_1_25' title="bbox 368 3590 1789 3696; baseline -0.001 -29"><span class='ocrx_word' id='word_1_230' title='bbox 368 3592 570 3669; x_wconf 89' lang='lat' dir='ltr'><strong>monitusa</strong></span> <span class='ocrx_word' id='word_1_231' title='bbox 590 3592 799 3696; x_wconf 91' lang='lat' dir='ltr'><strong>preposito,</strong></span> <span class='ocrx_word' id='word_1_232' title='bbox 819 3590 1033 3667; x_wconf 90' lang='lat' dir='ltr'><strong>nullatenus</strong></span> <span class='ocrx_word' id='word_1_233' title='bbox 1053 3620 1091 3668; x_wconf 91' lang='lat' dir='ltr'><strong>se</strong></span> <span class='ocrx_word' id='word_1_234' title='bbox 1120 3591 1355 3669; x_wconf 84' lang='lat' dir='ltr'><strong>intromittat.</strong></span> <span class='ocrx_word' id='word_1_235' title='bbox 1378 3594 1455 3669; x_wconf 92' lang='lat' dir='ltr'><strong>Hec</strong></span> <span class='ocrx_word' id='word_1_236' title='bbox 1472 3591 1667 3669; x_wconf 66' lang='lat' dir='ltr'><strong>condentio</strong></span> <span class='ocrx_word' id='word_1_237' title='bbox 1695 3591 1789 3666; x_wconf 86' lang='lat' dir='ltr'><strong>lacta</strong></span> 
     </span>
     <span class='ocr_line' id='line_1_26' title="bbox 371 3716 1788 3827; baseline 0.001 -31"><span class='ocrx_word' id='word_1_238' title='bbox 371 3740 425 3800; x_wconf 91' lang='lat' dir='ltr'><strong>est</strong></span> <span class='ocrx_word' id='word_1_239' title='bbox 456 3751 554 3798; x_wconf 91' lang='lat' dir='ltr'><strong>anno</strong></span> <span class='ocrx_word' id='word_1_240' title='bbox 576 3721 778 3798; x_wconf 89' lang='lat' dir='ltr'><strong>centesimo</strong></span> <span class='ocrx_word' id='word_1_241' title='bbox 807 3716 983 3827; x_wconf 89' lang='lat' dir='ltr'><strong>septimo,</strong></span> <span class='ocrx_word' id='word_1_242' title='bbox 1008 3721 1046 3799; x_wconf 93' lang='lat' dir='ltr'><strong>in</strong></span> <span class='ocrx_word' id='word_1_243' title='bbox 1074 3751 1217 3799; x_wconf 89' lang='lat' dir='ltr'><strong>camera</strong></span> <span class='ocrx_word' id='word_1_244' title='bbox 1245 3723 1404 3815; x_wconf 85' lang='lat' dir='ltr'><strong>abbatis,</strong></span> <span class='ocrx_word' id='word_1_245' title='bbox 1441 3723 1511 3801; x_wconf 92' lang='lat' dir='ltr'><strong>sub</strong></span> <span class='ocrx_word' id='word_1_246' title='bbox 1538 3723 1597 3801; x_wconf 89' lang='lat' dir='ltr'><strong>his</strong></span> <span class='ocrx_word' id='word_1_247' title='bbox 1629 3721 1788 3798; x_wconf 89' lang='lat' dir='ltr'><strong>testibus</strong></span> 
     </span>
     <span class='ocr_line' id='line_1_27' title="bbox 372 3851 1050 3959; baseline -0.001 -31"><span class='ocrx_word' id='word_1_248' title='bbox 372 3882 534 3959; x_wconf 89' lang='lat' dir='ltr'><strong>quorum</strong></span> <span class='ocrx_word' id='word_1_249' title='bbox 554 3853 707 3959; x_wconf 88' lang='lat' dir='ltr'><strong>nomina</strong></span> <span class='ocrx_word' id='word_1_250' title='bbox 724 3851 930 3956; x_wconf 90' lang='lat' dir='ltr'><strong>subscripta</strong></span> <span class='ocrx_word' id='word_1_251' title='bbox 952 3869 1050 3928; x_wconf 87' lang='lat' dir='ltr'><strong>sunt.</strong></span> 
     </span>
    </p>
   </div>
   <div class='ocr_carea' id='block_1_5' title="bbox 540 4033 1787 4327">
    <p class='ocr_par' dir='ltr' id='par_1_5' title="bbox 540 4033 1787 4327">
     <span class='ocr_line' id='line_1_28' title="bbox 540 4033 1786 4115; baseline 0.002 -22"><span class='ocrx_word' id='word_1_252' title='bbox 540 4033 685 4115; x_wconf 78' lang='lat' dir='ltr'><strong>«Signum</strong></span> <span class='ocrx_word' id='word_1_253' title='bbox 701 4036 793 4093; x_wconf 83' lang='lat' dir='ltr'><strong>sancti</strong></span> <span class='ocrx_word' id='word_1_254' title='bbox 805 4034 928 4103; x_wconf 80' lang='lat' dir='ltr'><strong>bertini,</strong></span> <span class='ocrx_word' id='word_1_255' title='bbox 943 4034 1062 4094; x_wconf 85' lang='lat' dir='ltr'><strong>abbatis.</strong></span> <span class='ocrx_word' id='word_1_256' title='bbox 1080 4036 1274 4099; x_wconf 78' lang='lat' dir='ltr'><strong>Eieunrnros</strong></span> <span class='ocrx_word' id='word_1_257' title='bbox 1294 4038 1330 4098; x_wconf 91' lang='lat' dir='ltr'><strong>de</strong></span> <span class='ocrx_word' id='word_1_258' title='bbox 1346 4038 1479 4103; x_wconf 57' lang='lat' dir='ltr'><strong>{telmon</strong></span> <span class='ocrx_word' id='word_1_259' title='bbox 1502 4041 1639 4099; x_wconf 72' lang='lat' dir='ltr'><strong>Asianos</strong></span> <span class='ocrx_word' id='word_1_260' title='bbox 1653 4037 1689 4096; x_wconf 92' lang='lat' dir='ltr'><strong>de</strong></span> <span class='ocrx_word' id='word_1_261' title='bbox 1708 4037 1786 4096; x_wconf 89' lang='lat' dir='ltr'><strong>Men·</strong></span> 
     </span>
     <span class='ocr_line' id='line_1_29' title="bbox 584 4134 1787 4223; baseline 0.002 -28"><span class='ocrx_word' id='word_1_262' title='bbox 584 4135 648 4195; x_wconf 84' lang='lat' dir='ltr'><strong>teka</strong></span> <span class='ocrx_word' id='word_1_263' title='bbox 658 4164 664 4204; x_wconf 82' lang='grc'>;</span> <span class='ocrx_word' id='word_1_264' title='bbox 674 4136 764 4196; x_wconf 84' lang='lat' dir='ltr'><strong>Wroo</strong></span> <span class='ocrx_word' id='word_1_265' title='bbox 775 4136 811 4196; x_wconf 89' lang='lat' dir='ltr'><strong>de</strong></span> <span class='ocrx_word' id='word_1_266' title='bbox 821 4134 987 4206; x_wconf 79' lang='lat' dir='ltr'><strong>Crunbelre;</strong></span> <span class='ocrx_word' id='word_1_267' title='bbox 998 4137 1336 4210; x_wconf 63' lang='lat' dir='ltr'><strong>transumuntur,</strong></span> <span class='ocrx_word' id='word_1_268' title='bbox 1347 4140 1514 4210; x_wconf 80' lang='lat' dir='ltr'><strong>Ronanros,</strong></span> <span class='ocrx_word' id='word_1_269' title='bbox 1523 4139 1601 4200; x_wconf 83' lang='lat' dir='ltr'><strong>silius</strong></span> <span class='ocrx_word' id='word_1_270' title='bbox 1613 4142 1690 4223; x_wconf 84' lang='lat' dir='ltr'><strong>ejus.</strong></span> <span class='ocrx_word' id='word_1_271' title='bbox 1704 4151 1787 4200; x_wconf 81' lang='lat' dir='ltr'><strong>testes</strong></span> 
     </span>
     <span class='ocr_line' id='line_1_30' title="bbox 582 4238 1656 4327; baseline 0.001 -29"><span class='ocrx_word' id='word_1_272' title='bbox 582 4238 707 4298; x_wconf 86' lang='lat' dir='ltr'><strong>luerunt.</strong></span> <span class='ocrx_word' id='word_1_273' title='bbox 729 4239 876 4301; x_wconf 83' lang='lat' dir='ltr'><strong>Postremo</strong></span> <span class='ocrx_word' id='word_1_274' title='bbox 888 4239 977 4324; x_wconf 77' lang='lat' dir='ltr'><strong>hujus</strong></span> <span class='ocrx_word' id='word_1_275' title='bbox 990 4243 1191 4304; x_wconf 78' lang='lat' dir='ltr'><strong>conventionis</strong></span> <span class='ocrx_word' id='word_1_276' title='bbox 1207 4255 1300 4305; x_wconf 85' lang='lat' dir='ltr'><strong>totum</strong></span> <span class='ocrx_word' id='word_1_277' title='bbox 1315 4244 1476 4327; x_wconf 86' lang='lat' dir='ltr'><strong>capitulum</strong></span> <span class='ocrx_word' id='word_1_278' title='bbox 1492 4257 1535 4304; x_wconf 85' lang='lat' dir='ltr'><strong>est</strong></span> <span class='ocrx_word' id='word_1_279' title='bbox 1547 4244 1656 4306; x_wconf 72' lang='lat' dir='ltr'><strong>testis..</strong></span> 
     </span>
    </p>
   </div>
   <div class='ocr_carea' id='block_1_6' title="bbox 0 0 2263 5842">
    <p class='ocr_par' dir='ltr' id='par_1_6' title="bbox 0 0 2263 5842">
     <span class='ocr_line' id='line_1_31' title="bbox 0 0 2263 5842; baseline 0 0"><span class='ocrx_word' id='word_1_280' title='bbox 0 0 2263 5842; x_wconf 95' lang='lat' dir='ltr'><strong> </strong></span> 
     </span>
    </p>
   </div>
  </div>
 </body>
</html>
