4478 5842
605 468 731 542 PARS
757 468 928 542 PRIMA.
945 468 1260 559 -FOLQUINI
1284 470 1376 542 LIB.
1405 472 1452 541 ΙΙ.
1669 465 1738 535 117

314 631 453 704 tarent3
471 612 726 719 feceramtque.
741 612 858 688 Dedit
872 613 998 717 itaque
1011 613 1202 717 predictus
1215 610 1436 689 venerabilis
1451 609 1562 700 abba,
1580 590 1746 713 exparte

315 744 531 825 monasterii
552 744 626 834 sui,
646 742 790 849 prelato
807 742 1000 832 Hrosrido,
1019 743 1058 819 in
1079 742 1162 819 loco
1181 760 1396 850 nuncupato
1414 739 1608 831 stratsele,
1631 766 1743 843 super

313 878 427 955 fluvio
442 877 576 983 Niopa,
594 875 633 949 in
651 902 746 984 pago
761 877 1025 965 Tarwanense,
1041 874 1140 952 intra
1157 875 1405 980 Mempiscum
1423 871 1612 959 curtilem,
1631 870 1673 946 id
1688 887 1743 946 est

221 1044 225 1049 ·
314 1038 401 1087 cum
419 1006 592 1094 casticiis;
610 1022 662 1093 et,
679 1005 777 1081 inter
790 1005 914 1110 ipsum
929 1004 1103 1081 curtilem
1117 1023 1155 1082 et
1167 1022 1317 1111 pratum
1332 1033 1374 1081 ac
1387 1022 1526 1081 terram
1543 999 1740 1091 arabilem,

313 1139 470 1216 bunaria
488 1166 550 1228 xm
576 1154 613 1213 et
634 1137 680 1210 de
702 1134 791 1210 silva
810 1133 968 1211 bunaria
982 1162 1025 1226 x,
1051 1165 1126 1211 una
1147 1164 1232 1212 cum
1252 1135 1422 1241 ipsorum
1443 1133 1615 1210 locorum
1636 1159 1740 1208 com-

313 1273 469 1361 muniis,
495 1268 630 1375 perviis
653 1266 830 1375 legitimis
852 1284 889 1342 et
908 1266 1153 1373 wadriscapis,
1175 1269 1239 1359 Et,
1265 1295 1284 1344 e
1306 1284 1451 1356 contra,
1473 1266 1512 1340 in
1536 1291 1739 1371 conpensa-

310 1405 457 1480 tionem
480 1401 634 1477 istarum
654 1427 797 1486 rerum,
822 1399 927 1474 dedit
949 1399 1150 1502 praedictus
1171 1398 1226 1475 vir
1247 1395 1444 1474 Hrofridus
1464 1395 1608 1503 prelato
1629 1424 1743 1472 vene-

312 1533 421 1609 rabili
443 1530 583 1622 abbati,
604 1531 651 1607 'ex
670 1529 896 1635 proprietate
917 1554 1001 1617 sua,
1021 1528 1060 1603 in
1082 1528 1166 1605 loco
1187 1546 1428 1634 nuncupante
1449 1527 1679 1618 Crumbelre,
1700 1528 1739 1602 in

253 1666 259 1671 ’
309 1691 405 1771 pago
426 1665 689 1751 Tarwanense,
718 1659 816 1737 intra
840 1658 1108 1762 Mempiscum,
1128 1687 1243 1763 super
1261 1659 1417 1736 fluvium
1437 1656 1628 1749 Fleterna,
1658 1688 1740 1735 cur·

311 1794 398 1871 tiles
427 1821 451 1870 11
478 1821 562 1871 cum
590 1789 760 1880 castitiis3
788 1806 842 1880 et,
869 1790 968 1865 intra
997 1789 1097 1896 ipsos
1120 1789 1271 1873 curtiles
1300 1806 1337 1866 et
1360 1806 1510 1896 pratum
1536 1818 1577 1866 ac
1600 1806 1737 1865 terram

310 1923 509 2016 arabilem,
535 1921 693 2000 bunaria
717 1948 846 2010 xitum
875 1923 979 1998 etde
1009 1920 1098 1998 silva
1119 1919 1277 1997 bunaria
1304 1947 1370 2012 vn,
1396 1931 1434 1999 et
1452 1921 1641 2029 jornalem
1665 1949 1676 1997 1
1702 1938 1740 1998 et

311 2055 532 2146 dimidium,
554 2082 629 2131 una
650 2081 735 2130 cum
755 2052 923 2158 ipsorum
945 2051 1116 2129 locorum
1138 2053 1381 2144 communiis,
1401 2053 1539 2158 perviis
1560 2053 1738 2162 legitimis

267 2236 275 2252 ·
309 2203 348 2262 et
368 2184 615 2290 wadriscapis.
640 2184 689 2260 Ut
710 2199 837 2261 autem
864 2183 943 2260 hec
971 2183 1215 2271 commutatio
1245 2183 1354 2261 firma
1379 2200 1614 2288 permaneat,
1645 2185 1737 2261 duas

308 2316 484 2422 epistolas
500 2344 579 2393 uno
598 2333 730 2392 tenore
745 2314 972 2420 conscriptas
987 2313 1070 2390 lieri
1087 2308 1347 2406 decreverubt,
1366 2324 1411 2391 'ut
1425 2314 1530 2420 quod
1545 2311 1616 2390 sibi
1633 2342 1736 2390 oom-

309 2461 482 2552 petenter
506 2445 751 2554 legaliterque
779 2442 1022 2561 contulerunt
1043 2444 1202 2520 firmiter
1225 2462 1393 2537 teneant,
1420 2461 1580 2550 postque
1603 2443 1735 2550 prelati
1859 2540 1861 2545 ,

306 2575 489 2653 Hrotfridi
507 2594 545 2652 et
559 2576 725 2653 [iliorum
744 2576 823 2683 ejus
839 2576 1052 2664 decessum,
1069 2572 1188 2649 ambae
1206 2603 1266 2652 res
1282 2575 1330 2650 ad
1349 2575 1561 2680 predictum
1578 2575 1735 2652 redeant

306 2708 590 2785 monasterium.
614 2706 714 2783 lllud
735 2705 849 2782 etiam
868 2704 1038 2783 firmitati
1059 2706 1258 2796 addentes,
1279 2723 1338 2797 ut,
1360 2706 1390 2783 si
1415 2704 1485 2812 ipsi
1505 2724 1569 2783 aut
1588 2734 1734 2784 succes-

306 2864 408 2913 sores
427 2866 576 2928 eorum,
595 2864 662 2913 seu
680 2835 860 2942 quislibet
879 2853 1090 2927 extraneus,
1108 2835 1197 2912 huic
1213 2836 1497 2925 commutationi
1515 2854 1552 2914 et
1567 2839 1732 2942 precarie

305 2968 519 3044 contrahire
539 2965 832 3073 presumpserit,
849 2964 915 3070 qui
935 2965 1014 3072 pari
1036 2994 1103 3043 suo
1124 2964 1231 3042 litem
1251 2966 1438 3060 intulerit,
1460 2967 1540 3047 auri
1560 2968 1689 3050 uncias
1708 2999 1731 3048 x

304 3114 453 3174 coactus
474 3096 633 3189 exolvat,
656 3113 694 3173 et
713 3125 778 3173 sua
798 3094 972 3203 repetitio
993 3095 1116 3174 inanis
1132 3095 1272 3209 existat.
1293 3099 1379 3175 Haec
1392 3127 1480 3176 vero
1500 3097 1602 3178 karta
1620 3099 1730 3179 firma

302 3245 538 3333 permaneat,
562 3225 801 3334 stipulatione
822 3225 990 3304 subnixa.
1210 3214 1222 3225 '⁸

359 3358 521 3436 «Actum
539 3357 665 3435 Sithiu
684 3357 914 3434 monasterio
931 3356 1100 3463 publice,
1113 3385 1246 3435 mense
1268 3360 1419 3452 martio,
1443 3361 1504 3439 die
1520 3390 1611 3455 xvc,
1629 3334 1727 3441 anno

300 3515 405 3569 xxxv.
425 3488 553 3565 Karoli
573 3489 682 3596 regis.

357 3637 543 3746 «Signum
560 3638 786 3729 Hnourmm,
808 3637 875 3744 qui
894 3638 993 3750 hanc
1008 3637 1343 3716 commutationem
1358 3669 1443 3718 cum
1459 3642 1623 3748 precaria
1639 3641 1726 3721 lecit

298 3766 547 3876 firmavitque.

469 3914 615 3999 «Signum
633 3915 844 3979 Tnnmsronm.
867 3914 991 3996 Signum
1013 3914 1206 3978 Brasnmrur.
1227 3917 1352 4000 Signum
1372 3919 1482 3983 Enocn.
1501 3922 1626 4006 Signum
1644 3923 1721 3985 Vm·

509 4005 607 4078 inim.
629 4017 755 4098 Signum
772 4016 952 4078 Aracnamr.
967 4018 1092 4101 Signum
1106 4020 1246 4084 Ausum.
1264 4010 1389 4103 Signuni
1406 4025 1581 4089 Vunrrmn.
1596 4026 1720 4110 Signum

507 4121 659 4191 Onusam.
676 4119 816 4183 advocati.
833 4118 959 4202 Signum
973 4120 1154 4201 Goponsnrr.

172 4278 178 4295 ,
301 4312 304 4317 Ι
381 4222 463 4304 «Ego
483 4224 717 4294 Macrianum,
736 4222 878 4307 presbiter
894 4236 925 4285 et
941 4225 1118 4298 monachus,
1136 4228 1238 4311 scripsi
1250 4238 1279 4290 et
1297 4228 1487 4314 subscripsi.»

927 4462 1077 4542 XLIX.
1130 4483 1131 4488 ’

714 4629 751 4668 DE
774 4629 852 4670 PAME
875 4631 910 4670 ET
933 4630 1117 4672 PESTILENTIA
1139 4631 1286 4674 EOHINUM.

350 4784 393 4860 In
412 4784 496 4893 ipso
518 4815 617 4864 anno
642 4787 755 4894 [accc
780 4790 936 4898 minin]
959 4790 1053 4870 lacta
1077 4811 1134 4872 est
1155 4792 1274 4874 fames
1293 4826 1428 4906 magna
1448 4817 1490 4877 et
1512 4801 1718 4879 mortalitas
1819 4817 1882 4888 87⁶·
