4478 5842
436 499 565 570 PARS
590 500 791 572 TERTIA.
811 544 860 555 -—
880 501 1309 575 CONTINUATORES
1337 502 1555 578 SIMONIS.
1636 505 1705 576 561

888 812 892 819 ·
940 781 1061 855 XLV.

732 998 769 1037 DE
789 997 914 1039 JACTURA
938 997 1111 1039 annuntium
1135 997 1278 1038 ecthesin.

355 1186 451 1276 Quia
465 1209 540 1259 uno
555 1181 833 1258 inconvenienti
844 1185 932 1260 dato
946 1183 1053 1289 plura
1066 1183 1187 1260 solent
1204 1185 1430 1291 contingere,
1447 1185 1564 1260 multa
1581 1186 1714 1260 exinde

298 1332 375 1390 tam
396 1313 552 1389 interius
565 1340 677 1419 quam
692 1314 851 1391 exterius
875 1313 1013 1391 cotidie
1032 1342 1144 1418 super
1165 1342 1235 1390 nos
1259 1314 1516 1391 accrescebant
1541 1315 1715 1392 inconve-

299 1442 458 1531 nientia,
475 1470 548 1548 que
568 1442 724 1549 longum
746 1461 841 1520 esset
862 1471 1032 1520 enarrare
1054 1473 1122 1549 per
1136 1444 1292 1553 singula.
1317 1445 1366 1521 Ut
1384 1461 1507 1520 autem
1524 1445 1570 1519 de
1587 1442 1716 1519 multis

299 1601 416 1678 pauca
436 1572 647 1678 loquamur,
669 1571 833 1649 domnus
852 1571 965 1649 abbas
991 1573 1122 1649 dietim
1145 1603 1213 1678 per
1231 1602 1270 1649 se
1291 1589 1329 1649 et
1347 1603 1415 1678 per
1437 1572 1604 1650 medicos
1630 1601 1716 1649 suos

301 1702 473 1780 delitiose
493 1702 652 1780 vivendo
674 1702 792 1779 multa
815 1701 1067 1809 expendebat3
1089 1702 1192 1811 prior
1207 1702 1428 1792 claustralis,
1457 1704 1524 1810 qui
1545 1703 1717 1780 similiter
1737 1704 1741 1713 ’

171 1828 177 1836 ⁸
300 1832 525 1909 multociens
540 1808 812 1917 intimabatur,
828 1833 960 1908 eadem
978 1831 1152 1922 faciebat;
1170 1838 1393 1939 omnesque,
1412 1832 1584 1938 exemplo
1596 1833 1718 1938 prela-

299 1981 443 2052 torum,
462 1962 702 2039 consentanei
723 1979 761 2037 et
775 1961 1046 2045 inexcusabiles
1067 1964 1105 2038 in
1123 1963 1195 2039 boc
1210 1962 1443 2050 videbantur,
1459 1962 1717 2068 potacionibus

301 2110 339 2168 et
358 2091 731 2169 commessationibus
752 2116 903 2196 operam
925 2090 1012 2198 plus
1020 2091 1123 2198 justo
1146 2091 1286 2168 dantes.
1307 2091 1402 2166 Hinc
1421 2091 1547 2167 omnia
1568 2120 1718 2170 monas-

299 2222 384 2300 terii
401 2221 622 2312 ministeria,
639 2223 837 2328 presertim
852 2221 1034 2299 cellararii
1052 2240 1090 2298 et
1108 2221 1285 2311 vinitarii,
1309 2222 1348 2296 in
1364 2218 1596 2327 profundum
1614 2222 1719 2297 debi-

300 2370 426 2430 torum
454 2353 602 2430 redacta
624 2368 733 2441 sunt,
763 2353 814 2429 ita
843 2354 948 2461 quod
975 2353 1077 2430 unde
1102 2353 1194 2431 solvi
1219 2370 1372 2461 possent
1396 2380 1473 2430 non
1498 2368 1595 2430 esset
1617 2353 1719 2456 apud

302 2510 371 2560 nos
389 2483 608 2571 substantia,
631 2510 754 2589 neque
775 2483 848 2559 hoc
865 2482 1047 2561 evenisset
1065 2482 1096 2559 si
1117 2483 1324 2559 naturalem
1343 2485 1550 2590 appetitum
1569 2484 1716 2588 sequuti

301 2613 467 2692 luissent.

935 2830 1079 2905 XLVI.

681 3032 822 3085 Quattrtttt
845 3032 936 3074 ABBAS
957 3032 1018 3074 ts'rtt
1040 3031 1209 3073 armarunt
1230 3032 1334 3076 Cffll'l'·

236 3283 243 3297 ,
358 3211 482 3290 Crevit
509 3212 651 3287 interca
679 3211 777 3287 inter
802 3209 933 3286 fratres
960 3209 1167 3299 discordia,
1191 3210 1287 3289 adeo
1313 3229 1371 3302 ut,
1392 3228 1469 3289 tam
1491 3212 1530 3288 in
1544 3213 1718 3290 Remeusi

302 3371 414 3449 quam
435 3343 474 3420 in
495 3342 659 3449 Philippi
682 3340 928 3418 Flandrarum
950 3340 1098 3417 comitis
1114 3340 1249 3428 curiis,
1272 3341 1319 3439 de
1340 3339 1472 3418 abbate
1492 3369 1590 3419 novo
1611 3342 1719 3418 nobis

303 3473 525 3551 destinando
541 3470 759 3577 frequenter
776 3487 1015 3560 tractaretur3
1039 3487 1091 3556 ct,
1120 3487 1163 3545 ut
1186 3469 1345 3545 relatum
1367 3469 1453 3561 suit,
1474 3470 1628 3576 quidam
1652 3498 1719 3575 per

302 3604 552 3682 conductitios
565 3602 810 3693 mediatores,
837 3630 857 3676 a
882 3600 1018 3676 comite
1038 3616 1075 3674 ct
1094 3599 1361 3707 archiepiscopi
1383 3600 1620 3692 consiliariis,
1641 3629 1716 3679 non

302 3735 382 3812 sin'e
397 3734 564 3840 periculo
581 3731 704 3808 anime
725 3759 806 3820 sue,
828 3727 1014 3806 abbatiam
1034 3728 1263 3806 Sithiensem
1285 3729 1491 3839 irreligiose
1506 3759 1573 3836 per
1587 3762 1718 3811 mune-

302 3892 386 3941 rum
402 3861 667 3969 promissiones
684 3858 902 3965 querebant.

359 3994 438 4069 Hoc
466 4021 553 4069 cum
583 4006 765 4067 nostrates
792 3989 1075 4097 comperissent,
1099 3992 1248 4068 evocato
1276 3991 1512 4070 Morinorum
1543 3995 1717 4102 episcopo

303 4122 517 4213 Desiderio,
544 4121 716 4199 abbatem
738 4118 934 4197 Simonem
955 4139 1192 4226 rogaverunt,
1207 4139 1262 4226 ⁴¹¹¹
1282 4121 1456 4229 pastorali
1480 4125 1720 4204 renunciaret

303 4283 407 4346 cure,
421 4252 617 4332 honestius
629 4280 670 4328 ac
685 4249 816 4328 utilius
832 4277 910 4327 esse
925 4249 1092 4328 dicentes
1105 4269 1149 4329 ut
1162 4252 1348 4331 abbatiam
1364 4268 1495 4360 sponte
1513 4254 1716 4348 desereret,

302 4414 415 4492 quam
431 4383 536 4493 quod
547 4384 581 4461 ei
597 4382 819 4469 aufferretur
830 4380 957 4458 invito.
976 4381 1145 4460 Consilio
1163 4383 1288 4491 itaque
1303 4383 1469 4461 filiorum
1492 4402 1528 4462 et
1545 4387 1719 4493 precibus

303 4516 558 4623 acquiescens,
575 4513 773 4620 resignavit
787 4540 914 4589 curam
928 4512 1123 4619 regiminis
1137 4514 1317 4604 Johanni,
1331 4513 1532 4593 Laubiensi
1547 4546 1717 4610 monaco,

304 4643 405 4723 bone
424 4646 498 4724 vite
518 4644 613 4733 viro,
636 4658 673 4722 v⁰
696 4643 781 4720 idus
799 4640 892 4750 jul,
914 4641 1117 4721 millesimo
1138 4643 1342 4721 centesimo
1366 4647 1596 4754 octogesimo
1616 4666 1718 4726 sexto

307 4770 495 4854 dominice
522 4773 722 4852 nativitatis
748 4801 868 4866 auno,
900 4772 1082 4881 assignata
1110 4774 1158 4851 ad
1184 4774 1387 4852 necessaria
1414 4774 1505 4865 vite,
1537 4778 1717 4882 quamdiu

639 4915 643 4921 '
1467 4901 1507 4968 46
1659 4897 1662 4901 ’
