4478 5842
545 485 671 558 PARS
708 481 952 557 SECUNDA.
977 524 1027 536 —
1045 481 1258 554 SIMONIS
1287 482 1377 553 Lm.
1409 482 1476 552 ΙΙΙ.
1649 483 1722 552 505

722 941 1303 1069 circumactus

884 1270 1168 1345 PROLOGUS.

362 1477 572 1556 Sitbienses
593 1506 698 1569 vero,
720 1478 908 1583 perterriti
932 1479 1067 1556 litteris
1090 1475 1319 1583 apostolicis,
1348 1476 1488 1582 quibus
1506 1493 1730 1583 preceptum

308 1625 364 1684 est
381 1624 441 1699 ut,
467 1627 613 1686 remoto
629 1609 800 1714 predicto
821 1610 996 1702 Simone,
1022 1607 1197 1686 abbatem
1213 1605 1522 1685 Cluniacensium
1547 1606 1730 1714 eligerent

306 1737 481 1830 consilio,
499 1767 585 1814 cum
602 1738 745 1816 Milone
759 1739 952 1846 episcopo,
970 1738 1236 1817 incarnationis
1247 1737 1388 1816 Christi
1408 1766 1507 1815 anno
1525 1737 1731 1815 centesimo
1779 1790 1787 1799 -

307 1868 497 1945 tricesimo
513 1887 634 1961 sexto,
656 1872 814 1946 Romam
830 1870 988 1976 profecti
1004 1888 1110 1960 sunt,
1127 1869 1207 1975 jam
1222 1868 1351 1944 Remis
1367 1865 1555 1947 celebrato
1573 1867 1732 1945 concilio

310 1997 356 2075 ab
385 1998 520 2075 eodem
540 2028 635 2105 papa
654 1999 895 2090 innocentio,
923 2017 961 2075 et
983 2028 1004 2074 a
1024 1997 1156 2078 Galliis
1175 1999 1334 2073 Romam
1355 2025 1517 2075 reverso.
1544 1997 1576 2076 A
1596 2027 1672 2104 quo
1688 1997 1734 2073 li·

311 2128 472 2205 centiam
497 2127 616 2206 libere
641 2129 859 2222 electionis,
891 2130 1102 2207 secundum
1134 2126 1306 2235 regulam
1333 2127 1449 2205 sancti
1474 2128 1670 2204 Benedicti
1697 2146 1735 2204 et

310 2259 521 2336 secundum
538 2288 683 2337 morem
697 2260 962 2368 antiquorum,
977 2262 1035 2340 vix
1050 2258 1294 2368 emungendo
1315 2259 1576 2363 impetrantes,
1598 2259 1734 2335 reversi

310 2408 415 2480 sunt,
432 2408 468 2467 et
482 2390 529 2467 de
543 2389 727 2468 electione
742 2422 829 2469 cum
845 2393 978 2470 ceteris
992 2409 1152 2470 tractare
1167 2407 1360 2497 ceperunt.
1376 2390 1469 2478 Sed,
1488 2418 1574 2465 cum
1588 2388 1733 2465 diverso

310 2520 444 2627 spiritu
465 2520 505 2597 in
525 2521 668 2598 diversa
686 2522 880 2600 trahentes
899 2553 968 2628 per
995 2522 1136 2598 multos
1154 2508 1396 2612 variarentur,
1423 2518 1605 2596 tredecim
1629 2547 1735 2596 men-

310 2651 408 2729 sium
425 2651 504 2727 sine
520 2650 653 2727 abbate
668 2653 885 2756 pertransiit
904 2653 1084 2758 spatium,
1102 2650 1212 2729 nobis
1228 2679 1330 2726 nunc
1342 2649 1472 2740 illum,
1489 2649 1733 2740 nunciatum,

194 2820 198 2827 ·
309 2782 494 2887 usquead
513 2799 658 2857 sextum
675 2781 916 2890 eligentibus.
938 2783 1004 2858 His
1026 2781 1161 2859 diebus
1176 2781 1297 2857 multa
1316 2779 1480 2863 cenobia
1494 2799 1734 2858 cremantur:

311 2909 452 2987 scilicet
475 2912 591 2987 sancti
612 2911 711 2987 Petri
733 2910 967 3002 Corbiensis‚
989 2911 1164 2989 Audocni
1190 2912 1230 2987 in
1252 2912 1510 3020 Rothomago‚
1537 2913 1653 2989 sancti
1675 2912 1738 2988 lo-

311 3042 446 3119 bannis
465 3041 504 3116 in
525 3042 673 3130 Monte,
690 3042 796 3150 juxta
816 3043 1028 3132 Morinum,
1052 3060 1089 3119 et
1112 3042 1184 3119 alia
1203 3041 1243 3118 in
1263 3041 1478 3133 Brabautie,
1507 3042 1678 3120 Hanonie
1700 3060 1738 3119 et

311 3172 444 3280 Anglic
462 3173 614 3251 finibus.
632 3175 674 3251 ln
689 3173 821 3263 Arkes,
842 3174 961 3252 sancti
978 3174 1120 3252 Rertini
1137 3172 1284 3264 villula,
1303 3175 1439 3250 merita
1456 3173 1558 3251 beati
1573 3153 1736 3280 presulis

311 3302 489 3410 Folquini
508 3304 702 3395 effulsere,
726 3306 773 3382 de
796 3305 913 3413 ipsius
932 3306 1048 3386 sancti
1067 3304 1287 3414 pigneribus
1307 3306 1354 3382 ab
1373 3304 1551 3382 incendio
1574 3305 1736 3382 intactis.

624 3570 662 3610 D!
687 3569 777 3613 nutus
798 3570 915 3613 sutottts
935 3569 1055 3611 annnam
1076 3569 1177 3611 AUORE
1200 3568 1237 3608 An
1260 3568 1429 3610 noctustatt.

371 3720 567 3812 Quantum
580 3719 718 3794 amoris
733 3720 909 3797 babuerit
923 3719 1122 3798 Sithiensis
1137 3719 1291 3797 ecclesie
1307 3719 1501 3808 fratribus,
1516 3718 1740 3797 venerabilis
1763 3759 1767 3767 ·

315 3850 448 3926 Simon
464 3849 595 3936 abbas,
608 3851 768 3955 posteris
783 3852 938 3959 reliquit
952 3853 1101 3959 scripto.
1118 3853 1226 3943 Nam,
1244 3883 1264 3929 a
1277 3870 1448 3958 tempore
1463 3852 1607 3929 abbatis
1620 3851 1739 3928 Rode-

316 3977 381 4053 rici
405 4006 524 4083 usque
545 3979 594 4055 ad
614 3979 752 4056 Leonis
773 3981 999 4058 electionem
1027 3982 1221 4072 inclusive,
1242 4000 1344 4089 gesta
1366 3982 1546 4059 abbatum
1569 3982 1737 4072 erudito,

315 4126 359 4186 ut
377 4127 546 4215 apparet,
570 4108 767 4216 descripsit
785 4111 883 4190 stilo.
905 4112 1050 4191 Leonio
1071 4113 1182 4202 item,
1206 4140 1275 4189 suo
1296 4114 1515 4202 successori,
1537 4114 1650 4190 vitam
1667 4113 1740 4222 agii

315 4240 428 4344 patris
443 4241 603 4332 Bertini,
624 4241 777 4319 heroico
800 4272 908 4321 versu
924 4244 1165 4350 descriptam,
1183 4241 1341 4332 obtulit3
1364 4244 1471 4350 cujus
1489 4242 1650 4350 prefatio
1668 4245 1741 4321 sub

316 4371 488 4476 sequenti
505 4369 625 4449 forma
638 4370 800 4449 babetur
817 4405 825 4448 :

572 4575 662 4636 Filius
678 4588 706 4637 et
723 4576 810 4637 frater
822 4579 927 4639 merito
942 4591 1023 4648 tuus.
1040 4579 1119 4662 opia
1135 4589 1240 4644 mater,

572 4680 722 4742 Laudibus
737 4683 889 4745 immensis
904 4683 1093 4746 celeberrima
1107 4682 1208 4766 plebs¹
1230 4682 1403 4749 sithiensis.

364 4833 372 4865 ¹
396 4837 493 4906 Plebs,
510 4840 529 4897 i.
542 4860 567 4898 e.
584 4837 720 4906 ecclesia,
736 4840 881 4920 parochie.
