4478 5842
314 497 388 568 500
667 498 1074 574 cunarumnruu
1100 445 1381 575 srrurnuss.

311 635 388 712 Sed
402 664 503 713 nunc
518 638 699 744 temporis
720 667 852 718 eorum
874 641 1043 748 sepulcra
1064 668 1141 718 non
1164 656 1359 748 apparent,
1384 655 1540 747 propter
1558 637 1735 745 frequen-

307 783 387 843 tem
401 768 561 848 ecclesie
581 769 844 848 inaltationem
859 771 933 849 sive
949 771 1211 850 mutationem.

967 1044 1076 1120 CIX.

677 1225 715 1265 DE
735 1223 920 1267 annonarum
941 1224 1065 1273 ῦΟΙῙΤΒ,
1089 1224 1157 1267 etus
1176 1223 1359 1268 SUGOESSORE.

365 1401 625 1478 Theodericus
638 1429 743 1492 vero,
761 1401 891 1479 multis
905 1403 938 1478 ei
956 1401 1235 1494 resistentibus,
1249 1377 1373 1511 tocius
1385 1401 1562 1479 Flandrie
1582 1428 1733 1478 monar-

308 1530 396 1606 ches
422 1528 631 1636 appellatur
648 1563 657 1607 :
674 1532 721 1607 ad
738 1529 1030 1639 gubernandum
1058 1547 1220 1638 agrestes
1244 1557 1387 1617 mores,
1404 1547 1536 1637 utpote
1552 1530 1612 1623 his
1633 1557 1733 1607 nun·

307 1689 420 1766 quam
436 1677 621 1752 assuetus,
636 1661 744 1738 valde
759 1662 890 1768 impar.
908 1664 1019 1749 Nam,
1033 1661 1155 1738 tacitis
1170 1660 1228 1738 his
1241 1688 1316 1767 que
1332 1660 1372 1735 in
1387 1659 1541 1738 diversis
1552 1660 1661 1751 locis,
1676 1660 1733 1737 di-

308 1790 419 1869 versis
439 1790 690 1895 temporibus,
715 1819 734 1866 a
761 1790 914 1868 diversis
934 1791 1106 1868 hostibus
1130 1788 1356 1898 ingruebant
1374 1789 1492 1880 mala,
1510 1787 1730 1867 Willelmus
1818 1897 1821 1901 ⁴

307 1918 354 1995 de
379 1921 451 2012 Lo,
473 1947 515 1996 ex
539 1937 657 1998 castro
680 1919 808 1997 Sclusa
830 1921 1023 2012 resistens,
1044 1937 1104 1998 tot
1120 1918 1352 2007 homicidiis,
1373 1935 1430 1996 tot
1449 1917 1652 2004 incendiis,
1671 1933 1730 1993 tot

306 2046 461 2155 rapinis,
482 2067 538 2126 tot
559 2049 890 2143 ecclesiasticarum
906 2050 1080 2127 villarum
1105 2047 1402 2126 desolationibus
1419 2049 1595 2126 adversus
1619 2045 1729 2124 illum

306 2196 362 2256 est
389 2180 634 2272 debachatus,
668 2198 711 2256 ut
742 2199 901 2287 tempus·
926 2179 1186 2258 retributionis
1222 2178 1409 2258 malorum
1437 2177 1729 2257 Flandreusium

301 2300 504 2388 ¹imminere
520 2311 724 2387 videretur.
746 2311 839 2403 Sed,
861 2310 949 2417 quia
964 2327 1051 2416 post
1071 2309 1248 2388 tenebras
1268 2309 1452 2417 speranda
1474 2325 1530 2386 est
1548 2306 1629 2398 lux,
1651 2323 1729 2384 tam

307 2439 409 2517 diros
429 2458 583 2518 eventus
603 2440 668 2517 leti
694 2469 902 2519 successere
929 2468 1130 2518 successus.

972 2725 1060 2802 CX.

608 2908 646 2947 DE
666 2907 751 2949 OBITU
775 2908 983 2957 SUAVfflILDffl,
1007 2908 1099 2950 antula
1122 2907 1225 2954 uxouls
1245 2905 1430 2950 rumonim.

362 3053 459 3127 Uxor
475 3053 575 3128 enim
586 3055 813 3131 Theoderici
827 3055 992 3161 comitis,
1007 3083 1076 3160 pro
1092 3084 1166 3161 qua
1183 3083 1227 3130 ex
1237 3053 1461 3161 cognatione
1474 3053 1730 3160 consanguini·
1773 3050 1783 3063 ⁴

304 3183 389 3260 tatis
401 3184 515 3260 ideml
531 3201 610 3261 erat
619 3171 783 3275 occulte,
800 3185 907 3262 obiit.
923 3187 1150 3292 Postquam,
1166 3186 1313 3262 comitis
1323 3184 1600 3294 Andegavensis
1610 3184 1728 3262 filiam

304 3315 503 3425 conjugem
527 3314 650 3406 duxit,
673 3314 826 3392 nomine
847 3312 1037 3405 Sibillam,
1065 3341 1109 3391 ex
1133 3329 1207 3421 qua
1232 3313 1372 3390 liberos
1398 3315 1596 3421 utriusque
1621 3341 1728 3391 sexus

303 3445 480 3551 suscepit,
503 3475 588 3523 cum
604 3474 647 3523 ex
661 3445 778 3550 priori
795 3472 910 3524 uxore
928 3445 1079 3521 unicam
1095 3460 1244 3522 tantum
1259 3441 1377 3520 liliam
1397 3443 1597 3536 habuerit,
1613 3473 1727 3551 quam

155 3616 176 3639 e
303 3577 456 3653 lvvanus
478 3577 524 3652 de
543 3575 673 3654 Alosto
692 3592 829 3683 postea,
841 3575 994 3653 sortitus
1014 3593 1071 3652 est
1089 3575 1129 3651 in
1151 3573 1381 3681 conjugium.
1399 3573 1617 3654 Willelmus
1630 3603 1726 3681 quo-

303 3736 375 3813 que
402 3709 448 3784 de
472 3708 545 3796 Lo,
577 3706 704 3781 comiti
733 3708 838 3812 quasi
863 3705 988 3783 trabes
1017 3706 1057 3780 in
1084 3704 1195 3783 oculo
1217 3704 1336 3814 gravis
1360 3722 1399 3781 et
1421 3705 1590 3795 odiosus,
1618 3723 1726 3811 capto

303 3837 515 3943 supradicto
541 3851 677 3925 castro,
701 3835 748 3912 de
764 3835 940 3913 Flandria
962 3852 1017 3912 est
1039 3833 1214 3940 expulsus
1231 3835 1272 3910 in
1292 3833 1477 3943 Angliam.
1506 3834 1667 3911 Accessit
1689 3852 1727 3912 et

302 3967 422 4044 tocius
435 3966 527 4043 boui
543 3984 706 4045 eventus.

957 4169 1070 4247 CXI.

668 4345 705 4387 ua
725 4343 812 4387 081Τῦ
836 4342 1019 4391 canusiam,
1041 4341 1190 4385 conmissa
1209 4341 1365 4386 funabula.

359 4502 572 4582 Clementia
587 4531 770 4609 namque,
788 4502 942 4582 Roberti
958 4501 1121 4610 junioris
1138 4501 1266 4592 vidua,
1283 4530 1358 4610 que
1372 4518 1524 4579 eatenus
1541 4528 1637 4607 pene
1651 4520 1727 4579 ten

304 4635 398 4712 ciam
418 4649 562 4740 partem
583 4632 757 4710 Flandrie
787 4634 885 4711 dotis
909 4632 994 4711 loco
1020 4632 1162 4723 tenuit,
1188 4631 1378 4725 defuncta,
1404 4631 1531 4710 comiti
1558 4633 1724 4738 presenti

347 4819 352 4848 ¹
378 4817 469 4887 Idem,
482 4814 591 4880 scilicet
606 4813 773 4879 Willelmus
786 4815 824 4879 de
838 4815 889 4878 Lo.
899 4814 982 4878 Conf.
998 4814 1036 4878 ll.
1056 4815 1133 4877 lber.
1149 4812 1244 4876 onsed.
1257 4825 1326 4876 tom.
1336 4813 1389 4884 111,
1403 4835 1433 4899 p.
1449 4812 1511 4880 aaa
1522 4824 1551 4873 et
1567 4813 1637 4893 387.
