4478 5842
343 473 415 542 510
692 468 1100 544 CHARTULARIUM
1132 466 1414 543 SITHIENSE.

1083 702 1095 739 t

923 862 926 867 Δ
1006 752 1103 827 vu.

425 958 579 999 rxsurma
607 955 766 1000 rmvumu
797 957 869 999 rara
896 954 1085 1003 ruuocrrru,
1112 955 1149 994 na
1176 954 1270 997 aoros
1294 954 1429 996 recursis
1456 954 1615 997 rummare
1643 955 1678 995 er

933 1057 1176 1102 rossassrorraus.
1678 1027 1681 1031 ⁴

112 1261 144 1309 ²⁶
161 1274 213 1330 *rr-
233 1256 311 1326 ¹¹39·
397 1280 411 1313 «
423 1249 680 1340 Innocentius,
697 1249 903 1354 episcopus,
919 1277 1045 1325 servus
1061 1278 1255 1327 servorum
1268 1249 1356 1340 Dei,
1375 1248 1514 1324 dilecto
1530 1247 1610 1325 silio
1627 1247 1761 1336 Leoni,
1777 1243 1782 1250 ¹

341 1377 466 1453 abbati
480 1379 595 1455 sancti
611 1381 769 1470 Bertini,
784 1380 939 1485 ejusque
951 1379 1228 1456 successoribus
1241 1379 1463 1485 regulariter
1473 1376 1762 1465 substituendis,

342 1509 633 1616 imperpetuum.
653 1511 738 1601 Que
756 1509 805 1585 ad
821 1526 1040 1614 perpetuam
1059 1507 1300 1585 ecclesiarum
1318 1506 1375 1584 vel
1395 1508 1644 1585 cenobiorum
1662 1505 1765 1583 utili-

342 1656 455 1715 tatem
480 1657 569 1717 sunt
596 1669 617 1715 a
643 1640 778 1749 sanctis
802 1638 972 1744 patribus
1001 1638 1190 1739 instituta,
1216 1637 1322 1715 nulla
1352 1636 1495 1714 debent
1525 1637 1766 1744 improbitate
1831 1634 1834 1639 ’

342 1768 516 1860 convelli,
536 1769 640 1846 nulla
659 1788 876 1879 temporum
892 1767 1067 1847 varietate
1083 1744 1227 1867 turbari
1237 1764 1253 1857 ,'
1268 1768 1335 1846 sed
1351 1785 1389 1846 et
1402 1784 1546 1875 quanto
1563 1767 1769 1874 apostolice

342 1899 423 1976 sedi
443 1900 563 2007 major
581 1902 787 2001 reverentia
810 1900 857 1977 ab
873 1888 1054 1999 universis
1075 1898 1437 1993 ecclesiisexibetur,
1458 1915 1564 1975 tanto
1584 1898 1703 2005 magis
1728 1898 1768 1973 in

344 2061 474 2109 earum
494 2031 656 2109 tuitione
677 2061 748 2109 nos
767 2048 928 2141 oportet.
938 2027 1017 2140 esse
1038 2009 1233 2122 sollicitos,
1250 2047 1295 2123 et
1313 2030 1479 2136 ipsarum
1503 2027 1623 2134 quieti
1652 2028 1768 2121 debe·

342 2151 429 2241 mus
450 2165 631 2242 attentius
655 2162 867 2273 providere.
879 2138 1073 2268 .ldeoque,
1096 2146 1233 2240 dilecte
1257 2162 1296 2237 in
1320 2162 1404 2255 Deo
1428 2159 1504 2248 lili,
1533 2160 1611 2238 Leo
1635 2159 1767 2251 abbas,

345 2278 573 2403 decisionem
589 2272 855 2405 controversie,
874 2282 950 2400 que
970 2308 1033 2382 est,
1048 2293 1192 2405 diutius
1203 2293 1344 2401 'agi-tata
1358 2293 1457 2369 inter
1475 2308 1514 2369 te
1530 2307 1568 2369 ct
1584 2289 1768 2370 dilectum

342 2410 465 2502 lilium
497 2442 669 2522 nostrum
695 2406 876 2517 Petrum,
898 2419 1186 2504 Cluuiacensem
1216 2410 1409 2533 abbatem,
1439 2451 1507 2530 pro
1533 2422 1768 2537 subjectione

343 2584 456 2662 quam
477 2556 580 2634 idem
598 2557 711 2635 abbas
731 2548 858 2634 sibi'in
877 2573 946 2649 tuo
963 2557 1193 2662 monasterio
1212 2555 1510 2661 vindicabat„ad
1527 2571 1768 2662 posterorum
1841 2586 1845 2593 ’

345 2688 567 2764 memoriam
594 2672 692 2765 carte
714 2664 979 2793 etatramento
999 2672 1175 2765 duximus
1191 2685 1513 2765 committendam.
1534 2686 1637 2763 Dum
1655 2686 1770 2793 igitur

345 2819 447 2893 idem
469 2818 583 2895 abbas
603 2797 646 2896 et
666 2819 801 2899 fratres
819 2820 879 2898 sui
891 2899 894 2905 ,
906 2809 1008 2926 apud
1026 2848 1098 2931 nos
1122 2802 1371 2927 sepenumero
1397 2816 1520 2925 questi
1541 2832 1684 2905 essent,
1701 2845 1770 2924 pro

346 2947 616 3024 substractione
642 2949 885 3056 subjectionis
909 2942 948 3027 et
974 2932 1214 3037 obedientie,
1245 2979 1320 3057 que
1348 2948 1421 3036 sibi
1451 2978 1472 3053 a
1497 2946 1599 3025 beati
1627 2948 1770 3043 Bertini

346 3079 574 3154 monasterio
602 3079 824 3186 negabatur,
851 3079 900 3157 ad
925 3058 1235 3187 respondendum
1264 3080 1399 3183 exinde
1424 3068 1510 3157 ante
1535 3096 1701 3157 nostram
1730 3108 1771 3158 es

346 3207 570 3310 presentiam
589 3223 772 3284 evocatus.
794 3189 987 3315 Cumque,
1008 3227 1147 3289 statuto
1163 3186 1343 3298 termino,
1360 3227 1490 3288 nostro
1506 3192 1769 3316 te'conspectui

347 3355 613 3443 presentasscs,
634 3338 814 3446 quoniam
833 3340 999 3447 prelatus
1014 3340 1128 3419 abbas
1148 3370 1224 3418 non
1244 3342 1346 3419 venit
1363 3369 1488 3448 neque
1504 3341 1621 3430 misit,
1637 3369 1770 3448 quam·

347 3473 417 3558 vis,
450 3498 535 3545 cum
562 3483 628 3547 tua
657 3454 966 3548 incommoditate
992 3490 1104 3578 atque
1133 3473 1363 3580 gravamine,
1395 3500 1517 3580 usque
1545 3472 1593 3548 ad
1622 3488 1772 3578 tempus

348 3599 494 3676 concilii
522 3630 666 3678 moram
691 3603 730 3677 in
756 3601 857 3679 curia
888 3621 1013 3681 nostra
1042 3603 1178 3695 fecisti,
1206 3622 1244 3681 et
1266 3620 1408 3711 partem
1440 3603 1594 3681 alteram
1627 3602 1772 3679 diutius

349 3733 567 3836 expectasti3
584 3732 750 3838 prelatus
765 3733 891 3840 itaque
911 3734 1041 3823 abbas,
1063 3736 1111 3812 ad
1131 3735 1333 3812 concilium
1353 3735 1523 3825 veniens,
1543 3736 1591 3812 de
1607 3732 1772 3841 querelis

347 3862 449 3938 unde
464 3861 640 3938 intervos
657 3877 817 3938 statutus
831 3865 1017 3941 terminus
1030 3863 1168 3954 luerat,
1182 3892 1291 3974 agere
1305 3865 1528 3974 supersedit.
1547 3867 1630 3987 ''Bua
1644 3881 1770 3943 tamen

348 3993 500 4070 dilectio
521 4021 598 4069 non
625 3994 756 4071 iccirco
782 3994 923 4088 minus,
945 4012 1021 4072 tam
1051 3997 1090 4072 in
1113 3996 1279 4103 plenaria
1299 3997 1445 4104 synodo
1464 4025 1580 4105 quam
1600 3996 1640 4073 in
1663 3998 1772 4075 Late-

348 4126 496 4202 ranensi
516 4126 676 4232 palatio,
696 4154 820 4205 coram
840 4127 951 4204 nobis
968 4157 1008 4206 se
1027 4127 1255 4208 multociens
1269 4130 1318 4206 ad
1327 4129 1517 4236 justiciam
1533 4129 1770 4237 presentavit..

349 4257 456 4332 Unde
482 4258 614 4347 eciam,
641 4276 891 4365 utrorumque
918 4256 1121 4365 privilegiis
1148 4260 1351 4368 dilige-nter
1375 4261 1568 4370 inspectis,
1598 4259 1771 4347 tandem,

349 4387 506 4463 fratrum
526 4408 742 4467 nostrorum
761 4391 1024 4498 episcoporum
1047 4408 1085 4469 et
1108 4391 1356 4471 cardinalium
1380 4393 1659 4481 communicato
1683 4419 1773 4471 oon-

349 4515 452 4604 silio,
475 4520 700 4595 sententiam
719 4520 992 4626 predecessoris
1017 4523 1135 4600 nostri
1155 4541 1281 4602 sancte
1297 4521 1568 4603 recordationis
1587 4522 1774 4601 Paschalis

260 4752 263 4757 Ι
349 4675 462 4753 pape,
490 4646 647 4725 lratrum
675 4677 831 4727 suorum
855 4653 1117 4760 episcoporum
1139 4670 1179 4730 et
1204 4654 1450 4733 cardinalium
1470 4653 1613 4762 juditio
1637 4653 1772 4731 exinde

347 4779 641 4887 promulgatam,
657 4797 694 4859 et
710 4809 730 4858 a
744 4810 955 4862 successore
966 4784 1054 4892 ¹ejus
1068 4812 1163 4892 papa
1178 4784 1341 4877 Calixto,
1358 4787 1561 4896 apostolice
1575 4785 1772 4879 memorie,
