4388 5850
193 464 194 467 Ὺ
308 515 405 592 ‘saa
676 510 1082 589 cnarruraaruu
1114 508 1393 584 srrrrrnrrsn.

328 658 370 732 ln
388 640 598 734 Watinensi
620 654 889 733 nichilominus
909 652 1119 759 parrochia,
1143 651 1288 727 decima
1308 648 1356 726 de
1376 646 1558 755 Alcinghe
1579 666 1617 725 et
1635 649 1754 744 veteri

328 785 466 876 Hollre,
495 803 532 862 et
543 784 739 892 'quidquid
761 784 801 860 id
817 784 948 870 fuerit,
976 772 1050 860 sive
1070 780 1143 857 zud
1160 781 1234 861 sive
1252 779 1385 870 north,
1410 779 1515 856 unde
1535 797 1754 858 controver-

313 915 400 991 sias
424 916 522 991 inter
549 913 721 990 ecclesias
744 913 1047 1017 Broburgensem
1070 927 1108 986 et
1133 909 1394 987 Watinensem
1423 907 1634 987 dinoscitur
1659 910 1755 987 euti-

330 1044 435 1138 tisse,
459 1046 578 1152 sopita
599 1075 619 1120 a
637 1044 879 1147 modoomni
899 1040 1125 1148 calumpnia,
1146 1041 1234 1147 jure
1256 1056 1443 1146 perpetuo
1464 1041 1575 1117 cedet
1598 1040 1637 1116 in
1660 1068 1752 1117 usus

226 1201 229 1205 ’
333 1173 488 1250 ecclesie
520 1160 860 1260 Watinensis,·'his
893 1171 1065 1248 terminis
1095 1169 1416 1277 distinguentibus
1446 1170 1750 1278 Brohurgensem

334 1303 568 1405 parrochiam
584 1332 605 1378 a
619 1302 829 1379 Watinensi
848 1318 886 1376 et
903 1330 924 1376 a
940 1299 1288 1407 circumjacentibus
1307 1316 1345 1375 et
1360 1301 1606 1378 conterminis
1624 1327 1753 1406 parro-

294 1527 296 1530 .
333 1432 444 1519 chiis,
462 1432 508 1510 ab
522 1429 743 1509 occidentali
758 1448 862 1537 parte
875 1459 895 1504 a
910 1431 1152 1522 Bancnwerc,
1171 1429 1426 1515 Smalchollre,
1442 1457 1561 1536 usque
1574 1430 1614 1504 in
1627 1431 1750 1519 Ennea

334 1560 380 1636 ab
405 1560 554 1637 australi
574 1577 694 1666 parte,
719 1590 740 1636 a
762 1563 987 1646 Banenwerc
1005 1587 1124 1665 usqne
1146 1559 1398 1665 Strangwere,
1422 1577 1461 1636 et
1478 1588 1500 1635 a
1519 1535 1752 1666 stranguere
1840 1628 1844 1634 .

257 1665 263 1677 .
333 1718 452 1795 usque
468 1690 601 1777 Linlre,
621 1709 658 1765 et
673 1719 694 1765 a
711 1690 826 1765 Linlre
843 1691 881 1763 in
897 1674 1086 1766 Radfield.
1102 1689 1344 1767 Medietatem
1360 1706 1485 1765 autem
1498 1689 1669 1795 predicte
1686 1691 1755 1767 de·
1792 1699 1802 1706 “

334 1820 559 1907 cimationis,
576 1821 767 1924 preposito
783 1820 980 1925 assignate,
1002 1816 1121 1896 abbas'
1131 1818 1317 1896 abbatisse
1335 1817 1564 1926 equipolenti
1583 1819 1756 1898 conside·
1857 1905 1864 1913 ‚

333 1951 477 2027 ratione
502 1949 814 2054 recompensavit,
838 1947 1058 2041 secundum
1068 1948 1173 2053 quod
1196 1948 1473 2029 estimationem
1493 1964 1531 2023 et
1549 1946 1751 2025 valentiam
1829 1986 1835 1997 ·

333 2081 412 2185 ejus
434 2078 719 2186 appreciandam
738 2106 817 2156 esse
836 2077 1033 2185 perspexit.
1056 2077 1170 2172 Quod
1187 2106 1275 2155 vero
1297 2079 1494 2155 residuum
1514 2096 1570 2155 est
1588 2067 1753 2156 decima-

332 2208 445 2286 tionis
459 2236 554 2285 nove
569 2225 670 2283 terre
690 2208 730 2282 in
748 2208 1001 2314 Broburgensi
1016 2206 1228 2312 parrochia,
1248 2207 1362 2285 abbas
1383 2225 1420 2285 et
1440 2206 1623 2285 abbatissa
1645 2236 1754 2314 equa·

334 2338 421 2416 liter
446 2338 629 2427 divident,
654 2337 753 2414 salvo
775 2337 814 2411 in
840 2337 972 2413 ceteris
989 2337 1075 2444 jure
1099 2336 1322 2442 parrochiali
1348 2336 1504 2415 ecclesie
1523 2338 1638 2414 sancti
1660 2341 1753 2416 Ber-

133 2461 141 2479 *
176 2475 179 2482 '
240 2503 245 2519 .
332 2469 418 2560 tini,
436 2467 559 2573 quod,
577 2466 684 2544 nullo
701 2466 774 2543 alio
790 2467 1050 2573 participante,
1064 2467 1305 2576 integerrime
1321 2467 1543 2573 possidebit.
1558 2466 1753 2548 Abbatissa

332 2627 439 2686 vero,
454 2626 523 2702 pro
543 2624 588 2674 eo
609 2596 714 2701 quod
730 2596 769 2672 in
787 2594 911 2703 equali
926 2595 1106 2673 divisione
1125 2596 1407 2703 manipulorum
1420 2597 1590 2702 predicte
1607 2598 1753 2675 decime

335 2756 421 2804 cum
443 2727 576 2804 abbate
593 2727 859 2818 communicat,
882 2726 929 2803 de
950 2726 1121 2834 quinque
1141 2726 1291 2820 solidis,
1315 2729 1355 2803 in
1371 2727 1485 2804 natali
1499 2729 1655 2807 Domini
1675 2759 1755 2836 per·

316 2856 538 2946 solvendis,
566 2873 691 2932 sancto
711 2857 865 2934 Bertino
890 2857 1084 2935 annuatim
1109 2834 1293 2935 censiralis
1314 2858 1457 2936 existet.
1485 2859 1529 2937 Si
1544 2858 1629 2965 quis
1647 2888 1750 2952 vern,

333 2986 438 3090 quod
453 2985 566 3072 absit,
589 2985 702 3092 hujus
722 2987 921 3062 concordie
943 3004 982 3063 ct
1000 2987 1099 3093 pacis
1114 2987 1265 3064 emulus
1284 2988 1522 3094 perturbator
1541 2990 1751 3083 accesserit,

336 3131 388 3205 et,
406 3131 449 3189 ut
461 3116 557 3190 hanc
574 3113 766 3223 infringat,
785 3145 879 3195 nove
896 3116 1052 3223 alicujus
1068 3118 1254 3195 discordie
1265 3120 1478 3196 occasiones
1490 3120 1750 3209 introducere,

336 3262 399 3320 aut
414 3245 566 3350 antique
581 3245 725 3323 semina
743 3246 919 3322 suscitare
934 3247 1220 3351 presumpserit,
1238 3248 1286 3325 sit
1300 3249 1498 3326 anathema
1518 3249 1751 3333 maranatha,

336 3374 406 3452 nisi
432 3375 617 3482 condigna
640 3374 887 3452 satisfactione
912 3376 1123 3482 resipuerit.
1151 3377 1199 3452 Et
1222 3405 1269 3453 ne
1295 3377 1444 3484 aliquis,
1472 3395 1516 3454 ut
1538 3378 1753 3483 predictum
1851 3407 1859 3416 ·

336 3522 405 3609 est,
427 3522 646 3612 presumpto
668 3505 864 3583 conamine
880 3506 970 3583 huic
988 3507 1226 3584 conventioni
1243 3507 1282 3583 in
1301 3524 1494 3614 posterum
1510 3508 1646 3584 audeat
1666 3535 1756 3584 con-

336 3635 470 3721 traire,
493 3636 592 3711 hanc
616 3635 733 3711 trium
754 3634 964 3741 sigillorum
989 3653 1206 3715 nostrorum
1230 3636 1441 3714 munimine
1468 3636 1625 3743 dignum
1646 3637 1750 3713 duxi-

337 3793 421 3876 mus
435 3762 635 3871 insignire,
649 3763 776 3840 tribus
791 3764 909 3840 trium
925 3765 1164 3844 ecclesiarum
1181 3783 1394 3843 nostrarum
1411 3765 1659 3845 conventibus
1672 3795 1754 3872 gra-

281 3986 283 3993 ·
336 3911 459 3973 tenter
486 3893 792 3982 assentientibus,
820 3911 858 3970 ct
877 3896 1044 4002 probatis
1070 3926 1233 4005 quorum
1253 3898 1410 3974 nomina
1431 3898 1639 4003 subscripta
1664 3915 1755 3975 sunt

336 4025 422 4102 viris
441 4025 702 4103 testimonium
721 4025 1019 4132 perhibentibus.
1043 4027 1104 4104 Hii
1127 4044 1253 4104 autem
1272 4045 1384 4107 sunt:

503 4209 717 4280 «Dnsrnrruus,
737 4213 910 4293 episcopum
931 4210 1052 4282 Araxis,
1074 4211 1162 4273 abbas
1182 4213 1219 4274 de
1241 4213 1378 4296 Berghis3
1395 4215 1589 4284 Wrrrrsuss
1610 4214 1699 4276 abbas
1720 4216 1757 4276 de

545 4309 673 4380 Alciaco;
704 4315 865 4383 Nicotaus,
896 4311 985 4374 abhas
1016 4316 1107 4375 sancti
1131 4315 1290 4386 lobannis3
1315 4316 1495 4388 Eumenius,
1525 4319 1689 4400 prepositus
1720 4318 1757 4380 de

544 4412 643 4474 Monte
659 4416 751 4475 sancti
777 4416 883 4497 Eligii;
905 4417 1086 4487 Warrraus.
1105 4417 1346 4488 archidiaconum
1369 4420 1541 4490 Purrrrrus,
1567 4421 1646 4503 prior
1665 4423 1758 4483 sancti

543 4513 669 4581 Rerrini;
690 4516 880 4587 Evraarnus,
900 4518 1042 4589 decanum
1063 4518 1227 4590 lorraine,
1252 4532 1366 4602 canton
1385 4521 1608 4593 aramenus,
1625 4522 1756 4608 decanus

544 4614 580 4673 de
598 4613 697 4684 Bomi;
716 4619 862 4684 tonsuras
881 4621 918 4682 de
934 4621 1112 4693 suessionis,
1131 4635 1160 4684 et
1174 4625 1262 4685 ceteri
1281 4625 1479 4708 quamplures.

393 4793 554 4871 «Actum
572 4809 627 4871 est
644 4795 716 4873 hoc
736 4826 834 4877 anno
854 4801 1009 4879 Domini
1029 4801 1230 4891 millesimo
1252 4819 1287 4882 0⁰
1306 4819 1494 4885 mitur.»
