4478 5842
322 450 391 518 112
666 445 1080 522 cunarunanruu
1107 409 1389 525 suniisnsu.

375 587 538 669 adetum
558 591 685 669 Sithiu
704 591 951 683 monasterio,
969 571 1008 668 in
1029 591 1183 670 ecclesia
1201 590 1302 668 beati
1325 590 1425 668 Petri
1440 589 1619 695 apostoli,
1639 617 1738 668 anno

316 746 432 810 xxva,
450 740 628 833 regnante
646 724 791 800 domno
806 722 944 801 Karolo
964 751 1062 832 rege.
1711 726 1718 741 '

375 888 561 998 «Signum
580 893 823 981 Roonwanor,
846 890 912 997 qui
932 892 1027 967 hanc
1047 889 1290 968 traditionem
1305 888 1394 967 fecit
1415 889 1663 997 linnevitque.

368 1124 371 1129 ⁴
485 1074 633 1155 «Signum
663 1074 847 1135 Tauonsnrr.
881 1072 1008 1154 Signum
1046 1073 1218 1144 Hucsssrr,
1252 1073 1391 1135 advocati.
1427 1072 1551 1155 Signum
1587 1071 1739 1134 dulnosus.

550 1175 675 1257 Signum
707 1172 878 1236 Gurranm.
913 1171 1038 1256 Signum
1068 1177 1232 1238 Hunusnt.
1259 1174 1384 1258 Signum
1416 1175 1580 1239 Rsusuaus.
1614 1174 1739 1259 Signum

551 1279 693 1339 Fossam.
717 1278 844 1359 Signum
863 1275 1009 1339 Fouuasu.
1027 1277 1152 1359 Signum
1169 1280 1382 1342 Vormsnanm,

403 1417 486 1499 «Ego
499 1414 709 1487 Hnoonanrus,
725 1418 868 1480 diaconus
881 1430 912 1481 et
924 1417 1100 1488 monachus,
1114 1420 1214 1503 scripsi
1234 1431 1264 1483 et
1276 1419 1443 1501 subscripsi.
1454 1445 1465 1474 ι

978 1664 1087 1738 XLI.

858 1846 895 1887 DE
918 1844 1062 1889 unnutno
1084 1845 1201 1887 auum

376 2025 546 2133 Itemque
556 2041 642 2130 post
653 2024 744 2116 haec,
756 2051 855 2102 anno
865 2023 1131 2102 incarnationis
1146 2022 1445 2101 dominicaeoccc
1459 2023 1744 2115 nxv1.,Karolus

319 2180 384 2228 rex
399 2152 602 2231 Humsrido
618 2152 806 2231 abbatiam
823 2182 909 2230 cum
924 2153 1110 2231 dedecore
1122 2151 1312 2246 auferens,
1327 2149 1529 2243 Hilduino,
1545 2150 1741 2246 canonico,

319 2311 441 2388 nuper
457 2283 503 2360 de
519 2283 687 2363 Lotharii
703 2283 895 2361 senioratu
910 2283 959 2361 ad
973 2312 1013 2361 se
1027 2310 1221 2373 converso,
1239 2282 1360 2373 dedit,
1373 2299 1532 2390 propter
1545 2281 1659 2363 libras
1671 2309 1744 2361 xxx

267 2448 269 2452 ·
319 2414 417 2503 auri,
439 2439 514 2490 x111.
540 2412 612 2489 kal.
629 2412 730 2521 julii.
753 2412 849 2506 Qui,
871 2430 916 2490 ut
940 2413 1072 2503 credo,
1094 2412 1179 2492 loco
1204 2413 1311 2503 huic,
1329 2413 1410 2521 jam
1437 2441 1535 2519 pene
1558 2412 1741 2501 deciduo,

320 2530 481 2621 donatus
499 2573 520 2620 a
541 2542 727 2634 Domino,
753 2559 907 2649 excepto
931 2543 1075 2620 domno
1098 2543 1271 2633 Bertino,
1286 2541 1352 2649 qui
1372 2541 1518 2648 primus
1537 2543 1650 2650 hujus
1668 2543 1744 2621 loci

318 2692 479 2751 structor
503 2673 643 2765 extitit,
671 2673 842 2750 omnium
862 2673 1171 2779 predecessorum
1196 2699 1352 2753 suorum
1380 2689 1482 2751 actus
1507 2672 1560 2751 ita
1585 2700 1743 2752 suorum

320 2804 624 2907 compensatione
638 2801 860 2895 adnullavit,
875 2820 919 2880 ut
933 2803 1081 2894 merito,
1099 2782 1238 2909 absque
1249 2800 1373 2908 aliqua
1386 2801 1589 2894 oblivione,
1601 2831 1744 2881 nomen

320 2933 402 3035 ejus
425 2931 465 3005 in
488 2930 666 3007 sarculum
697 2931 799 3035 apud
817 2958 888 3007 nos
907 2932 1091 3010 habeatur
1110 2962 1197 3010 oum
1222 2931 1499 3013 benedictione.
1524 2931 1650 3012 Fallor
1672 2934 1744 3013 nisi

319 3058 392 3134 hoc
413 3059 526 3136 etiarn
550 3075 733 3137 testantur
753 3077 859 3138 cartae
879 3089 979 3166 quae,
1005 3061 1076 3139 sub
1095 3064 1174 3171 ejus
1194 3081 1367 3171 ternpore
1389 3063 1512 3155 factae,
1534 3081 1573 3141 et
1592 3064 1673 3171 ejus
1692 3063 1745 3143 la-

283 3199 286 3204 ’
319 3189 411 3265 bore
432 3188 644 3297 adquisita,
657 3189 737 3296 jam
757 3189 819 3266 hic
840 3207 929 3269 suut
947 3190 1164 3285 inserendae.

965 3467 1097 3543 XLII.

613 3646 753 3689 rnaotrto
776 3647 935 3691 nummu
958 3650 996 3690 ott
1017 3652 1190 3693 esttenete!
1213 3652 1248 3692 ET
1268 3651 1457 3704 ounnrttaoo.

358 3826 484 3903 vAnno
501 3853 664 3932 namque
684 3827 876 3935 regiminis
892 3829 950 3905 sui
968 3855 1027 3920 11.,
1045 3856 1096 3907 111.
1118 3829 1294 3907 kalendas
1309 3816 1571 3939 sep‘tembris1,
1587 3826 1741 3938 {puidam

318 3957 384 4049 vir,
407 3955 627 4034 Heribertus
641 3960 816 4050 nomine,
834 3977 871 4036 et
886 3961 1020 4069 conjux
1033 3961 1115 4068 ejus
1135 3962 1374 4071 Megesinda,
1391 3992 1477 4040 curn
1494 3962 1583 4040 filiis
1603 3960 1745 4039 Ellem·

318 4086 427 4164 berto
443 4105 555 4194 atque
570 4088 779 4198 Egilberto,
796 4090 1037 4171 tradiderunt
1049 4091 1196 4198 prefato
1212 4091 1355 4171 domno
1368 4092 1569 4184 Hilduino,
1585 4093 1634 4169 ad
1649 4119 1744 4199 opus

319 4220 538 4298 monasterii
551 4219 609 4296 sui
629 4220 774 4314 Sithiu‚
793 4250 854 4302 res
872 4223 1112 4329 proprietatis
1127 4252 1202 4301 suae
1223 4223 1262 4299 in
1277 4222 1362 4302 loco
1379 4239 1622 4331 nuncupante
1635 4220 1747 4300 Cam·

319 4351 484 4451 panium,
501 4349 541 4424 in
556 4377 652 4455 pago
666 4350 925 4447 Tarwanensi,
943 4353 1037 4430 etin
1059 4351 1132 4431 alio
1149 4353 1233 4431 loco
1249 4372 1491 4462 nuncupante
1514 4352 1744 4448 Quertliaco,

319 4477 377 4553 vel
396 4478 545 4567 Bruma,
562 4478 636 4555 sive
662 4480 884 4572 Minthiaco;
908 4483 1135 4593 expetiitque
1152 4514 1221 4590 per
1232 4487 1436 4593 precariam
1451 4514 1511 4565 res
1527 4482 1746 4563 monasterii

319 4604 451 4712 prelati
473 4606 635 4704 abbatis,
656 4610 695 4687 in
713 4612 797 4692 loeo
818 4633 1061 4721 nuncupante
1082 4615 1249 4721 Uphem,
1265 4619 1305 4694 in
1318 4646 1414 4728 pago
1433 4614 1668 4706 Bononensi,
1686 4612 1746 4691 vel

362 4774 369 4803 ¹
389 4776 511 4857 ‘Legitur
524 4795 552 4838 ιν
567 4776 620 4840 lul.
637 4778 782 4843 decembr.
799 4783 830 4841 in
852 4779 950 4843 charta
965 4783 1047 4864 ipsa,
1062 4803 1128 4866 quae
1145 4784 1285 4866 sequitur.
