4478 5842
757 763 962 879 PARS
1018 765 1428 882 SECUNDA.

701 1050 949 1124 SIMONIS
977 1049 1482 1128 CHARTULARIUM.

1010 1280 1174 1304 ..Μ’-

823 1559 1040 1658 nresu
1074 1559 1366 1702 neruus

381 1841 526 1883 nnoroous
547 1840 665 1899 unsis
686 1842 805 1882 annuns
825 1841 914 1882 nutus
933 1840 1078 1889 recursis,
1100 1839 1184 1879 mutu
1204 1840 1241 1878 nr
1265 1841 1322 1881 noc
1343 1838 1472 1889 souma„
1496 1841 1618 1882 uarross
1638 1807 1806 1896 caunensis,

937 1943 1122 1995 memoraris
1143 1943 1251 1982 cernis.

439 2157 555 2236 Omni
579 2118 796 2236 dilectionis
821 2156 937 2265 gratia
962 2171 1000 2232 et
1023 2156 1140 2265 gratie
1167 2156 1369 2263 spiritualis
1395 2156 1552 2235 efficatia
1576 2160 1808 2265 predicando

385 2305 423 2364 et
442 2289 605 2368 amando
613 2289 727 2394 patri,
748 2289 891 2365 domno
908 2287 1111 2365 Lamberto
1127 2285 1269 2379 abbati,
1285 2316 1376 2364 suus
1389 2288 1540 2378 Simon,
1558 2318 1713 2365 suorum
1728 2319 1809 2367 om-

279 2518 281 2522 ·
383 2418 491 2497 nium
519 2420 718 2511 minimus,
745 2418 922 2526 quitquid
952 2417 1063 2496 saluti
1089 2418 1256 2524 corporis
1286 2437 1323 2496 et
1350 2404 1474 2496 anime
1503 2447 1629 2496 coram
1656 2448 1808 2498 summo

384 2532 517 2655 opifice
552 2551 797 2627 commodum
829 2567 884 2626 est
917 2564 955 2625 et
983 2548 1089 2625 utile.
1117 2549 1215 2627 Cum
1248 2549 1428 2626 indecens
1462 2551 1510 2627 sit
1539 2567 1577 2626 et
1606 2549 1808 2656 injustum,

301 2734 321 2761 ι,
383 2697 490 2787 pater
509 2680 779 2769 amantissime,
803 2679 919 2769 filios,
936 2678 1000 2785 jus
1021 2694 1176 2784 paterne
1200 2678 1420 2755 hereditatis
1440 2707 1481 2756 re
1500 2679 1672 2758 mortalis
1690 2680 1810 2792 glorie

383 2810 442 2887 vel
467 2839 532 2916 spe
554 2810 800 2887 successionis
824 2809 1033 2886 transitorie
1054 2808 1286 2901 affectalites,
1308 2826 1463 2915 paterne
1481 2810 1685 2917 prudentie
1706 2812 1809 2889 nolle

286 2918 291 2927 ¹
385 2942 506 3018 imbui
530 2940 750 3030 virtutibus;
771 2940 892 3017 multo
913 2937 1143 3017 imbecillius
1166 2957 1224 3017 est
1243 2940 1415 3046 justioris
1440 2969 1553 3047 quam
1579 2939 1823 3048 callumpnie'

386 3073 433 3149 ab
450 3091 582 3148 eorum
592 3071 770 3183 vestigiis,
786 3071 948 3177 quadam
965 3069 1081 3147 animi
1092 3069 1255 3163 desidia,
1269 3069 1515 3148 exorbitando
1532 3071 1698 3164 deviare,
1716 3101 1813 3179 quos

387 3230 465 3280 non
486 3201 610 3279 solum
630 3182 718 3279 sicit
737 3201 938 3280 imitabiles
962 3202 1091 3278 innata
1110 3202 1249 3279 mentis
1266 3202 1384 3279 virtus
1409 3219 1447 3278 et
1469 3201 1653 3308 probitas;
1679 3233 1810 3282 vemm

387 3334 516 3425 etiam,
538 3351 616 3411 tam
642 3363 686 3410 ex
703 3332 886 3410 industria
902 3333 1017 3410 animi
1033 3361 1147 3439 quam
1167 3362 1211 3409 ex
1231 3334 1426 3439 sagacitate
1442 3331 1602 3438 ingenii,
1622 3333 1813 3410 ecclesias-

386 3465 457 3540 tica
471 3463 653 3570 approbat
665 3491 742 3541 non
758 3464 970 3568 spernanda
985 3462 1196 3540 auctoritas.
1208 3464 1286 3541 Hos
1299 3462 1423 3570 igitur,
1440 3461 1681 3540 dilectissime
1694 3482 1810 3570 pater,

387 3623 503 3700 quem
533 3612 704 3672 turturea
730 3596 880 3671 caritate
907 3594 1017 3671 unice
1037 3593 1256 3698 amplector,
1277 3593 1418 3700 quippe
1443 3620 1556 3699 quem
1577 3593 1672 3671 lacte
1691 3613 1811 3673 vestre

389 3726 616 3815 dulcedinis,
633 3742 765 3831 utpote
782 3725 845 3831 qui
865 3727 1029 3803 necdum
1052 3724 1176 3802 cordis
1195 3723 1362 3830 palatum
1388 3722 1611 3817 habueram,
1637 3724 1728 3803 cibis
1751 3754 1811 3803 so-

389 3854 589 3932 lidioribus
608 3855 697 3931 licet
722 3854 900 3943 invitum,
923 3855 1012 3932 licet
1034 3855 1277 3945 renitentem,
1304 3855 1501 3947 insuescis;
1522 3857 1609 3947 hos,
1636 3856 1809 3962 inquam,

388 4002 474 4090 post
497 4015 577 4076 vos,
600 3988 648 4064 ad
675 3986 945 4063 emulationem
973 3988 1243 4093 proponendos
1272 3991 1416 4080 censui,
1445 4018 1557 4096 quos,
1589 4020 1813 4096 procorum

390 4134 553 4222 spectata
578 4118 733 4208 virtute,
756 4135 1009 4195 antecessores
1028 4119 1067 4194 in
1089 4119 1264 4225 pastorali
1287 4120 1471 4227 regimine
1492 4121 1689 4200 habuistis.
1707 4125 1815 4218 Quo·

391 4276 476 4324 rum
502 4248 612 4325 etiam
634 4249 747 4356 gestis
770 4247 934 4325 breviter
953 4248 1247 4356 summatimque
1273 4250 1498 4357 descriptis:
1513 4269 1628 4330 cartas
1653 4254 1816 4333 nichilo-

392 4379 519 4456 minus
534 4381 730 4485 separatim
747 4380 786 4456 in
802 4408 880 4457 uno
894 4379 1088 4459 volumine
1103 4411 1124 4459 a
1139 4411 1224 4459 mea
1239 4383 1438 4491 exiguitate
1454 4383 1615 4461 describi
1629 4385 1813 4480 voluistis,
1893 4454 1897 4467 .

392 4538 500 4615 quas,
526 4527 602 4586 tam
628 4510 842 4617 principum
871 4540 987 4618 quam
1015 4512 1249 4588 diversorum
1274 4512 1468 4618 presulum
1500 4512 1736 4604 auctoritate,
1767 4517 1815 4592 ad

393 4639 595 4718 utilitatem
616 4642 815 4719 devitande
837 4642 1087 4720 controversie
1106 4640 1165 4719 vel
1184 4644 1285 4750 pacis
1310 4643 1506 4735 continue,
1534 4641 1583 4720 de
1602 4645 1816 4722 traditioni-

393 4774 464 4850 bus
485 4773 694 4905 etndiversis
715 4774 887 4861 fidelium
903 4772 1280 4866 commutationibus,
1296 4774 1356 4853 vel
1376 4774 1425 4852 de
1446 4773 1699 4882 qualicunque
1714 4773 1817 4850 utili·

1563 4921 1600 4961 22
