4478 5842
799 691 1280 848 rensuum.

467 1120 511 1169 ’Ψ

479 1269 696 1339 Audomarus
712 1293 793 1338 cum
812 1268 967 1345 Bertino,
989 1266 1113 1336 eodem
1131 1267 1212 1335 clari
1229 1292 1367 1360 genere,

480 1391 520 1458 ln
532 1391 685 1460 Luxovio
701 1389 817 1460 vicino
832 1386 1055 1465 monastario,
1071 1408 1234 1479 prospere
1249 1383 1401 1464 studere,
1420 1384 1586 1479 proficere

479 1509 593 1581 Corde
615 1508 735 1586 sumo,
757 1531 828 1576 non
850 1508 972 1602 opino,
997 1505 1173 1600 cupienter
1191 1507 1346 1576 assistere
1742 1516 1765 1588 μ’

482 1632 546 1701 Uni
566 1631 669 1700 simul
686 1645 788 1726 atque
802 1629 894 1699 tn'no
913 1628 988 1699 Deo
1007 1651 1088 1697 cum
1105 1625 1222 1698 lavore
1240 1626 1345 1708 bino;

480 1751 695 1823 Andomarus
714 1749 757 1821 ad
776 1752 953 1823 Morinum
969 1750 1085 1845 presul
1102 1774 1121 1819 a
1140 1775 1219 1847 rege
1236 1751 1392 1829 mittitur,
1438 1832 1448 1847 ι

480 1874 536 1953 Et,
556 1888 594 1944 ut
610 1888 789 1944 convertat
804 1871 990 1968 populum,
1010 1871 1169 1942 Bertinus
1186 1871 1281 1941 hunc
1294 1874 1494 1967 insequitur.

481 1994 520 2062 ln
535 1993 645 2065 Sithiu
662 1994 873 2064 construitur
889 2005 1075 2088 utrumqne
1089 1992 1352 2073 monasterium,

481 2115 523 2184 Et
538 2140 558 2185 a
574 2114 713 2186 Bertino
730 2115 857 2210 regitur
874 2111 1002 2183 horum
1019 2109 1183 2208 quodque
1201 2111 1395 2208 collegium.

415 2279 418 2285 ·
482 2237 532 2307 sit
551 2236 625 2317 diu,
652 2238 695 2307 sit
714 2237 751 2306 in
772 2234 927 2307 seculum
946 2233 1028 2305 urbs
1045 2231 1173 2305 Sithiul
1193 2232 1313 2307 Gaude
1331 2237 1423 2313 satis,

482 2358 584 2430 Clero
597 2363 720 2456 juncto
742 2385 822 2429 eum
847 2359 998 2455 populis,
1018 2357 1170 2454 patribus
1187 2356 1241 2428 his
1258 2356 1322 2429 tibi
1335 2356 1435 2436 datis,

482 2481 642 2569 Quorum
669 2498 734 2554 stas
756 2482 966 2577 patrociniis,
982 2479 1183 2576 jocundaris
1202 2479 1393 2559 miraculis;

481 2603 569 2676 Nam
586 2607 622 2674 in
644 2602 739 2673 factis
756 2604 830 2674 Deo
848 2604 963 2699 gratis.

482 2723 675 2795 Amborum
690 2725 821 2793 meritis
838 2736 1000 2817 operatur
1016 2722 1068 2791 vis
1087 2720 1240 2791 Deitatis.

726 3168 826 3210 neom
850 3165 974 3208 ananum
996 3166 1114 3208 suurltit
1136 3165 1248 3208 LAUDES
1269 3165 1363 3206 ΒΕΔΤΙ.

485 3327 616 3400 Cedrus
635 3327 765 3399 excelsa
787 3326 922 3407 Libani,
941 3351 1045 3425 quam
1063 3326 1157 3398 fovet
1170 3326 1266 3396 vallis
1285 3351 1401 3407 aurea,

484 3448 562 3536 Que
579 3474 652 3522 non
669 3463 709 3521 ut
726 3446 845 3521 fenum
862 3448 988 3520 clibani
1005 3449 1140 3530 transit,
1162 3446 1223 3518 sed
1238 3445 1305 3518 Dei
1319 3450 1423 3543 gratia

483 3570 675 3653 Stabilitur3
693 3584 728 3640 et
743 3568 886 3641 Domini
904 3570 952 3639 sic
967 3569 1164 3665 resplendet
1177 3569 1213 3639 in
1231 3592 1308 3639 area

482 3691 655 3773 Bantinos,
674 3691 772 3761 verbi
787 3692 910 3763 semini
924 3690 1055 3787 probus
1073 3691 1170 3762 hians
1186 3692 1341 3788 agricola.

483 3812 600 3885 Divini
618 3809 744 3884 edificii
762 3813 810 3883 sic
827 3827 878 3881 est
895 3827 992 3908 petra
1009 3813 1218 3908 gratissima,

485 3934 529 4007 Ut
547 3961 617 4032 quo
634 3948 787 4015 vertatur
802 3935 899 4003 lateri
917 3933 1046 4031 ubique
1063 3948 1129 4004 stet
1145 3922 1328 4030 aptissima.

483 4056 570 4126 Nam
588 4079 659 4123 non
678 4053 768 4123 cedit
783 4052 985 4134 mulcedini,
1005 4077 1069 4123 nec
1084 4052 1252 4150 *frangitur
1267 4080 1329 4150 per
1343 4081 1477 4150 aspera3

485 4172 553 4245 Sed
571 4176 627 4244 cui
644 4174 721 4268 plus
741 4171 894 4244 tenditur
909 4170 986 4254 fini,
1005 4173 1082 4270 plus
1097 4173 1207 4269 pollet
1223 4176 1384 4273 patientia

486 4295 587 4392 lapis
607 4293 807 4393 quadratus,
828 4295 925 4391 operi
941 4294 1008 4366 Dei
1023 4295 1138 4367 bonus
1155 4320 1217 4390 per
1237 4301 1351 4369 omnia
1369 4330 1375 4367 :

485 4416 644 4505 Quatuor
661 4418 734 4513 ejus
749 4416 862 4513 anguli
876 4416 1044 4488 virtutum
1062 4415 1255 4488 cardinalia.

486 4537 557 4626 Qui
580 4536 744 4634 gestiebat
762 4538 876 4610 ornari
893 4540 992 4610 terris
1015 4563 1158 4633 mancus
1181 4540 1346 4613 celicola:

485 4659 571 4731 Vide
587 4686 653 4756 qua
666 4657 857 4732 fortitudini
875 4659 1033 4732 studebat
1050 4662 1161 4759 linqui
1177 4666 1325 4761 propria.

376 4866 383 4897 ¹
404 4864 466 4919 liae
474 4864 545 4921 sold
560 4866 641 4921 habet
652 4864 733 4921 codex
743 4863 951 4920 Andomorensia.
