4478 5842
591 486 713 560 runs
738 484 913 593 rurus.
931 530 981 542 -
998 487 1247 578 rotounu
1272 490 1364 563 urs.
1392 496 1456 564 u..
1579 440 1582 445 ¹
1674 498 1730 571 aa

311 625 413 702 tricis
426 625 581 705 Domini
602 628 719 706 nostri
731 629 848 706 Jbesu
863 628 1024 717 Christi,
1043 629 1182 718 Merite,
1199 659 1242 708 sc
1256 631 1459 719 beatorum
1475 638 1731 742 apostolurum

311 755 412 832 Petri
428 774 470 832 et
491 755 609 850 Pauli,
629 759 670 834 in
685 783 766 865 qno
778 761 896 836 etiam
917 786 1073 866 corpora
1086 760 1231 840 Christi
1249 762 1508 842 consessorum
1528 765 1732 845 dudummi

311 903 425 994 etque
435 888 577 965 Bertiui
591 890 775 966 tumulata
782 907 1004 982 noscuntur,
1014 910 1153 969 nostrae
1161 892 1327 971 innotuit
1335 895 1562 988 celsitudini,
1575 897 1734 1002 qualiter

309 1014 556 1122 jamdudum,
572 1035 745 1126 tempore
761 1021 1034 1126 predecessoris
1049 1024 1108 1099 sui
1128 1024 1312 1130 Fri'dogisi
1330 1024 1488 1114 abbatis,
1503 1027 1633 1103 eidem
1649 1054 1734 1106 nto-

308 1151 656 1226 nasteriouostruru
664 1148 884 1227 fecissemus
899 1152 1169 1243 auctoritatem,
1182 1181 1251 1258 per
1262 1181 1375 1260 quam
1386 1154 1495 1244 illud,
1510 1180 1595 1231 oum
1609 1158 1735 1233 unni-
1860 1208 1867 1217 -
1999 1156 2004 1163 ’

313 1276 385 1353 bus
397 1279 448 1354 'ad
463 1306 503 1356 se
514 1280 804 1385 pertinentibus,
826 1308 972 1358 morem
988 1297 1185 1386 paternum
1204 1284 1419 1391 avitumque
1432 1304 1646 1390 sequentes,
1657 1287 1733 1364 sub

314 1425 443 1484 nostru
457 1409 771 1488 consumeremus
787 1411 1006 1489 defensione
1023 1430 1061 1489 et
1072 1413 1342 1490 mundeburdo
1357 1430 1470 1520 etque
1486 1414 1734 1493 immunitatis

312 1538 490 1629 tuitione,
505 1563 656 1617 necnon
670 1566 802 1618 omnes
813 1541 927 1618 cellas
947 1559 985 1617 et
1002 1541 1107 1618 villas
1121 1568 1186 1618 seu
1204 1558 1353 1625 ceteras
1366 1538 1637 1649 possessiones,
1652 1574 1734 1651 quae

316 1668 356 1742 in
368 1668 974 1776 quibuslibetpagiset‘territoriis,
986 1671 1083 1746 infre
1095 1672 1279 1750 ditionem
1288 1674 1438 1778 imperii
1447 1675 1578 1767 nostri,
1593 1676 1735 1751 consis-
1819 1682 1822 1688 '

313 1814 417 1887 tunt3
439 1816 481 1874 ut
499 1798 628 1877 nullus
650 1827 906 1879 successorum
932 1819 1150 1879 nostrorum
1173 1803 1358 1880 ‹bvideret
1378 1821 1443 1880 aut
1468 1805 1508 1879 in
1530 1804 1623 1882 alios
1645 1818 1742 1883 usus'

313 1947 562 2020 converteret,
593 1948 711 2038 utque
744 1932 884 2007 familis
912 1932 1081 2039 ejusdem
1114 1935 1329 2010 monasterii
1358 1935 1475 2012 nullis
1502 1935 1736 2042 quibuslibet

313 2060 534 2138 bominibus
566 2060 740 2138 foderum
776 2054 881 2139 deret
912 2062 1096 2167 imperiali
1132 2063 1350 2147 auctoritate
1383 2064 1634 2171 decrffunust
1667 2094 1736 2172 pe-

314 2208 399 2266 tens
417 2207 463 2267 ut
481 2191 641 2267 eundem
662 2203 829 2268 nostram
853 2192 1112 2269 auctoritatem
1128 2219 1199 2268 suo
1217 2218 1371 2299 quoque
1391 2192 1547 2287 nomine
1561 2197 1734 2287 >«renovari

311 2321 543 2428 juberemus.
569 2323 643 2398 Nos
665 2321 812 2427 itaque,
839 2323 889 2397 ob
913 2350 1079 2398 amorem
1106 2322 1275 2398 divinum
1295 2339 1332 2398 et
1351 2316 1604 2399 reverentium'
1624 2341 1735 2428 atque

315 2450 501 2528 bonorem
524 2452 748 2528 eorumdem
774 2467 1007 2538 sanctorum,
1043 2479 1192 2528 necnon
1221 2469 1258 2527 et
1286 2452 1537 2529 monitionem
1562 2451 1734 2557 ejusdem

316 2581 438 2658 fratris
459 2580 599 2672 nostri,
625 2599 872 2657 memoratam
898 2581 1157 2657 auctoritatem
1183 2598 1349 2657 nostram
1372 2581 1467 2656 cirea
1482 2582 1652 2668 eundem
1680 2582 1736 2658 lo-

315 2740 417 2799 cum,
447 2727 687 2815 rectoresque
709 2737 778 2814 per
803 2726 973 2813 tempora
997 2708 1159 2784 labentia
1183 2707 1254 2784 sibi
1280 2710 1539 2797 succedentes,
1566 2713 1735 2789 renovari

315 2840 546 2929 censuimus,
568 2855 606 2915 et
624 2866 667 2913 ea
679 2868 762 2943 quae
779 2838 859 2915 illic
874 2839 1021 2914 decretu
1038 2837 1187 2915 fuerant
1200 2839 1362 2942 presenti
1384 2839 1497 2916 etiam
1517 2843 1735 2919 auctoritate

313 2971 504 3048 roborare.
523 2967 686 3044 Proinde
709 2971 779 3045 bos
803 2985 952 3045 nostros
970 2967 1184 3073 imperiales
1201 2969 1324 3073 apices
1346 2971 1429 3047 fieri
1448 2971 1644 3077 jussimus,
1667 3000 1735 3079 per

314 3128 408 3208 quos
428 3122 659 3176 successores
676 3116 824 3176 nostros
840 3100 1108 3189 admonemus,
1126 3116 1188 3189 ut,
1205 3101 1300 3185 sicut
1320 3102 1548 3178 monasterio
1566 3104 1735 3208 predicto

313 3249 447 3308 sanctae
467 3226 591 3307 Mariae
610 3244 647 3304 et
660 3230 775 3306 suncti
792 3230 896 3311 Petri¹
911 3247 950 3305 et
963 3229 1069 3306 Pauli
1090 3246 1201 3334 atque
1220 3228 1418 3309 beatorum
1435 3231 1576 3317 Christi
1591 3233 1734 3311 censes·

313 3390 441 3440 sorum
470 3359 676 3436 Audomari
704 3376 742 3435 et
773 3358 915 3435 Bertini
941 3358 1207 3448 concessimus,
1235 3359 1285 3435 ita
1310 3359 1365 3435 illi
1390 3377 1512 3437 ratum
1538 3379 1575 3437 et
1601 3362 1734 3443 subite

313 3520 533 3598 permanere
563 3491 801 3596 permittaut;
829 3507 872 3566 ut
899 3490 1043 3568 nullam
1076 3491 1298 3567 divisionem
1329 3491 1369 3564 in
1402 3493 1638 3568 monasteriis
1663 3510 1735 3569 -nut

314 3622 420 3699 cellis
442 3620 500 3698 vel
520 3619 617 3699 villis
640 3649 707 3697 seu
734 3622 876 3698 caeteris
900 3620 1219 3728 possessionibus,
1244 3621 1282 3695 in
1312 3617 1545 3727 quibuslibet
1568 3622 1671 3728 pagis
1697 3640 1734 3697 et

312 3752 512 3832 territoriis
527 3753 752 3844 consistunt,
773 3750 909 3830 faciant
928 3770 991 3830 au't
1010 3748 1130 3829 fucere
1145 3751 1380 3858 permittant,
1397 3767 1463 3828 eut
1477 3751 1517 3827 in
1536 3750 1629 3827 alios
1643 3781 1735 3829 usus

313 3883 411 3987 ipsas
426 3910 485 3960 res
499 3897 759 3988 retorqueauu
776 3882 843 3958 sed
862 3898 900 3957 et
919 3884 992 3959 hoc
1010 3908 1078 3988 per
1095 3882 1165 3959 bos
1182 3880 1395 3987 imperiales
1409 3880 1532 3987 apices
1548 3881 1735 3958 sancimus

314 4029 426 4117 atque
453 4011 704 4100 decernimus,
730 4026 773 4085 ut
793 4009 922 4086 nullus
936 4011 1055 4116 judex
1073 4009 1343 4119 publicusaut
1359 4008 1541 4115 'quislibet
1567 4038 1610 4087 ex
1629 4009 1735 4117 judi-

316 4141 425 4219 ciaria
440 4156 640 4248 potestate,
661 4141 700 4216 in
719 4138 885 4218 ecclesiis
899 4158 964 4220 aut
982 4138 1075 4219 locis
1089 4139 1147 4218 vel
1163 4140 1260 4248 agris
1278 4164 1347 4217 seu
1363 4138 1520 4246 reliquis
1535 4142 1733 4245 possessio-

314 4272 429 4351 nibus
443 4271 643 4349 memorati
666 4270 902 4362 monasterii,
920 4296 1012 4379 quas
1026 4266 1213 4352 moderno
1233 4287 1424 4376 ternpore,
1441 4269 1481 4345 in
1499 4266 1734 4376 quibuslibet

299 4396 421 4510 “pagis
441 4419 480 4480 et
495 4401 709 4492 territoriis,
732 4400 827 4479 infra
847 4400 1037 4480 dicionem
1059 4400 1208 4507 imperii
1229 4399 1367 4491 nostri,
1382 4399 1484 4506 juste
1505 4404 1544 4476 et
1562 4395 1734 4507 legaliter

317 4531 503 4641 possidet,
519 4532 578 4609 vel
599 4561 680 4640 quae
701 4530 879 4637 deinceps
896 4532 937 4607 'in
954 4531 1041 4639 jure
1062 4532 1179 4639 ipsius
1198 4530 1314 4608 sancti
1332 4530 1405 4607 loci
1424 4528 1587 4606 voluerit
1608 4529 1732 4606 divina

250 4648 253 4653 ¹
317 4663 581 4772 pietaseugeri,
595 4664 644 4740 ad
656 4689 783 4741 causas
789 4660 990 4773 judiciario
1003 4689 1108 4740 more
1122 4660 1339 4752 audiendas,
1352 4660 1410 4738 vel
1419 4658 1525 4738 freda
1533 4658 1728 4767 exigenda,

318 4812 382 4873 aut
401 4794 616 4873 mansiones
636 4791 695 4871 vel
717 4791 862 4900 paratus
880 4791 1089 4882 'faciendas
1113 4810 1179 4872 aut
1196 4791 1374 4871 foderum
1398 4789 1643 4899 exigendum,
1665 4805 1732 4865 sut

890 4946 894 4953 '
1477 4938 1488 4978 l
1498 4940 1522 4976 l.
