4478 5842
641 458 768 540 PARS
805 459 977 534 PRIMA.
996 500 1045 515 -
1064 460 1315 548 FOLQUINI
1340 462 1430 532 LIB.
1459 464 1507 533 ΙΙ.
1706 457 1775 531 lt?

362 619 400 677 et
417 605 494 706 ipse
516 629 662 694 comes,
679 602 768 707 quia
795 619 949 708 patema
972 601 1208 678 successione
1237 601 1425 678 abbatiam
1456 617 1684 705 susceperat,
1708 628 1777 676 sno

359 731 444 809 usui
469 732 716 839 mancipatam
741 732 905 809 tenebat.
927 731 1109 808 Reddidit
1133 748 1260 807 autem
1285 730 1382 806 hanc
1407 729 1492 806 usui
1516 729 1692 806 [ratribus
1714 756 1776 805 ιιιι.

358 861 533 945 kalendas
540 863 660 968 junii,
676 891 776 940 anno
786 861 1150 940 nativitatisDomini
1165 888 1339 940 necessu.
1351 924 1360 952 ,
1373 860 1620 967 ejusdemque
1634 860 1779 937 abbatis
1878 926 1883 937 .
1917 889 1940 922 ²·

358 1019 410 1071 ιιι.
432 995 575 1075 Ferunt
593 1011 720 1072 autem
741 992 908 1071 seniores
930 992 1026 1069 hanc
1053 993 1212 1069 eandem
1234 992 1361 1067 villam
1379 1021 1460 1068 esse
1481 1010 1607 1068 sancto
1623 975 1778 1068 Bertino

358 1124 599 1204 aVualberto
614 1125 768 1212 comite,
790 1123 906 1200 sancti
921 1123 1065 1199 Bertini
1081 1138 1288 1228 compatre,
1309 1123 1422 1198 luisse
1439 1123 1632 1212 traditam,
1650 1122 1717 1198 ubi
1738 1123 1778 1199 in

357 1254 430 1331 vita
452 1255 623 1362 ejusdem
637 1254 752 1360 patris
771 1253 949 1331 scribitur
960 1253 1082 1358 quod,
1103 1270 1188 1359 post
1202 1253 1374 1358 ejusdem
1395 1253 1542 1329 comitis
1558 1253 1775 1342 elisionem,

359 1401 397 1461 et
416 1386 530 1463 aviro
544 1383 615 1463 Dei
637 1385 888 1473 sanationem,
912 1383 1120 1488 plurimum
1143 1383 1363 1460 hereditatis
1383 1411 1460 1459 snae
1475 1401 1620 1486 partem
1637 1385 1720 1460 Deo
1742 1400 1780 1459 et

359 1513 472 1595 beato
484 1513 665 1593 concessit
678 1514 847 1591 Bertino.

407 1645 497 1727 'Sub
530 1645 645 1751 hujus
674 1643 819 1719 abbatis
853 1642 966 1719 etiam
999 1659 1194 1748 tempore,
1218 1642 1393 1748 prelatus
1426 1672 1552 1719 comes
1578 1641 1775 1734 Amulius,

359 1792 571 1855 sanctarum
589 1774 836 1880 reliquiarum
863 1773 1010 1865 avidus,
1037 1790 1206 1850 sanctum
1222 1773 1442 1850 Silvinuma
1464 1774 1694 1850 monasterio
1720 1802 1779 1850 re·

358 1905 496 2012 quietis
515 1934 589 1981 suoe
606 1902 776 2009 proprio¹
781 1961 860 1980 ......
877 1901 949 1980 sibi
966 1901 1150 1999 delatum,
1169 1903 1259 1979 huic
1273 1904 1503 1980 monasterio
1521 1904 1657 1980 direxit
1674 1930 1780 1979 vene-

359 2035 538 2124 randum,
558 2060 616 2113 xv.
634 2032 811 2113 kalendas
830 2032 976 2124 martii,
997 2032 1058 2110 die
1074 2025 1283 2109 festivitatis
1297 2033 1489 2138 ejusdem,
1512 2062 1611 2109 anno
1632 2034 1780 2110 inarna-

357 2164 473 2247 tionis
504 2163 701 2243 dominicae
731 2188 891 2241 nccccu.
918 2164 1006 2241 Post
1035 2162 1147 2240 etiam
1173 2179 1342 2240 sanctum
1365 2162 1613 2254 Walaricum,
1641 2164 1777 2240 eodem

359 2296 478 2377 modo
508 2295 555 2373 de
580 2292 731 2371 castello
758 2310 796 2369 et
820 2292 1048 2371 monasterio
1075 2323 1145 2371 suo
1172 2293 1208 2371 ei
1237 2294 1496 2399 deportatum,
1523 2294 1570 2369 ad
1596 2295 1698 2370 hunc
1722 2295 1778 2371 di-

359 2425 454 2505 rexit
472 2423 741 2502 monasterium
762 2449 852 2502 vuu.
871 2423 1048 2501 kalendas
1064 2424 1299 2530 septembris.
1317 2424 1496 2501 Sanctum
1518 2408 1630 2501 etiam
1648 2423 1779 2500 Richa-

359 2557 478 2643 rium‚
500 2555 561 2633 die
575 2571 661 2660 post
675 2554 753 2631 hac
769 2581 835 2642 ιιι,
852 2553 893 2629 id
910 2571 985 2643 est,
1003 2581 1068 2630 ιιιι.
1084 2553 1262 2630 kalendas
1275 2553 1514 2659 septembris,
1535 2553 1646 2658 parili
1659 2555 1777 2645 modo

358 2686 524 2792 precepit
543 2683 682 2762 deferri
696 2682 1010 2772 conservandum,
1029 2711 1128 2760 anno
1158 2712 1180 2758 a
1204 2683 1394 2759 nativitate
1421 2684 1576 2760 Domini
1599 2709 1775 2761 occentu.

359 2813 533 2919 Suscepit
548 2814 660 2891 etiam
676 2813 874 2918 praedictus
896 2813 1011 2889 abbas
1031 2814 1072 2889 in
1091 2813 1321 2891 monasterio
1344 2815 1535 2918 quendam
1555 2815 1778 2890 canonicum

359 2941 531 3023 Saxonici
550 2943 719 3051 generis,
743 2942 898 3020 nomine
915 2942 1129 3031 Odoldum,
1151 2944 1199 3020 ad
1219 2944 1469 3021 monasticum
1495 2943 1774 3050 confugientem

360 3073 550 3164 habi-tum3
569 3072 629 3151 cui
644 3073 692 3151 ad
705 3072 952 3151 imbuendam
969 3101 1175 3179 puerorum
1194 3073 1335 3151 scolam
1354 3075 1556 3151 commisit.
1572 3076 1662 3151 Erat
1676 3076 1779 3152 enim

359 3203 580 3315 litteratoria
603 3220 683 3283 nae
706 3204 966 3308 peritissimus.
992 3204 1039 3281 Et
1067 3204 1229 3281 decaniae
1257 3234 1387 3282 curam
1419 3205 1624 3295 commisit,
1660 3233 1776 3311 quam

359 3335 626 3442 usque-hodie,
648 3334 729 3415 Deo
750 3334 967 3427 miserante,
989 3334 1096 3441 regit

970 3588 1164 3665 LXXIX.

477 3787 515 3828 ΒΙ
535 3785 730 3828 Commii!
752 3786 957 3829 BOXACEOBUU
980 3789 1010 3829 nt
1034 3789 1204 3839 mlum,
1227 3790 1265 3830 ΒΤ
1285 3789 1325 3830 Μ
1347 3789 1516 3832 REGBNOLDO
1538 3789 1655 3832 ABBffl.

416 3980 514 4061 Cum
529 3980 645 4088 igitm
657 3979 763 4059 locus
779 3982 848 4059 iste
862 3982 1045 4090 religione
1060 4012 1135 4089 qua
1152 3987 1430 4090 supradiximus
1441 3964 1784 4096 vigeret'subpe-

360 4108 435 4191 lato
456 4108 611 4201 abbate,
632 4110 810 4219 cogitatio
832 4111 966 4189 incidit
984 4112 1155 4221 glorioso
1173 4116 1304 4192 comiti
1322 4116 1502 4208 Amulio,
1524 4137 1568 4195 ut
1588 4121 1668 4225 pari
1688 4121 1777 4199 reli·

359 4238 471 4346 ginno
502 4239 623 4319 saneti
646 4240 798 4320 lledasti
830 4242 1049 4324 nobilitaret
1075 4246 1361 4325 monasterinm.
1392 4248 1500 4325 Unde
1532 4267 1570 4326 et
1600 4254 1778 4333 accersito

362 4369 510 4455 omna>
525 4370 660 4450 onas
678 4371 956 4468 minturnas,
977 4375 1112 4454 nost
1128 4377 1178 4454 aa·
1198 4377 1364 4456 ensem
1386 4380 1658 4459 mosaeam„
1676 4352 1789 4490 [pos

360 4515 536 4605 mquam
565 4503 844 4610 congregationi
872 4533 1123 4585 monacorum
1141 4506 1392 4589 Sithiensinm
1415 4509 1666 4615 quadriennio
1695 4544 1781 4621 prs·

267 4678 269 4683 ·
364 4627 583 4739 minabat
595 4633 767 4740 exemplo
783 4662 943 4742 operum
952 4655 1160 4719 sumumat
1170 4639 1433 4719 exhortatione
1441 4640 1493 4718 ad
1505 4640 1779 4722 observantiam

405 4793 414 4825 ¹
437 4794 594 4861 tinacia
613 4800 924 4862 annuntiarent.
989 4805 996 4817 '

1523 4929 1569 4992 ¹9·
