4478 5842
414 524 541 598 PARS
566 517 1278 597 teutla-CONTINUATORES
1304 519 1532 594 SIMONlS.
1613 521 1686 593 569

920 770 1026 845 LIV.

730 972 839 1014 TEXTUS
860 970 992 1012 blcssllffl
1014 969 1224 1013 consutionem.

322 1166 393 1240 dln
409 1162 702 1242 nominePatris
720 1179 758 1238 et
772 1160 860 1239 Filii
878 1177 915 1237 et
932 1159 1094 1267 Spiritus
1112 1157 1249 1236 Sancti.
1267 1157 1345 1267 Ego
1362 1155 1598 1248 Desiderius,
1617 1157 1687 1234 Dei
1795 1201 1823 1233 11

264 1294 398 1402 gratia,
428 1293 666 1371 Morinorum
693 1290 906 1397 episcopus,
932 1309 1066 1368 notum
1084 1287 1287 1365 laciotam
1311 1287 1548 1392 presentibus
1572 1315 1686 1394 quam

264 1422 417 1515 firtrrris,
436 1423 560 1530 quod,
578 1450 664 1500 cum
678 1421 898 1500 Willelmus
914 1418 1180 1528 deArlrenges
1193 1436 1230 1495 et
1250 1418 1461 1495 convicanei
1483 1417 1557 1511 sui,
1576 1417 1687 1527 longe

265 1552 378 1657 positi
388 1551 436 1629 ab
448 1553 614 1645 ecclesia,
629 1552 796 1631 assiduas
804 1550 1136 1627 incommoditates
1147 1549 1392 1640 sustinerent,
1405 1548 1525 1626 multa
1533 1577 1687 1654 precum

267 1684 447 1762 instancia
462 1682 556 1761 facta
574 1684 620 1761 ad
639 1711 709 1760 nos
729 1699 768 1760 et
787 1680 836 1758 ad
852 1677 1027 1759 abbatem
1050 1681 1166 1758 sancti
1187 1680 1347 1769 Bertini‚
1368 1679 1522 1758 tandem
1543 1698 1690 1785 accepta
1803 1729 1808 1736 ·

267 1811 315 1897 ab
332 1812 487 1928 ecclesia
504 1812 604 1891 beati
617 1812 759 1890 Bertini
775 1811 942 1903 licentia,
955 1828 1244 1889 nostroassensu
1255 1810 1437 1917 capellam
1449 1810 1690 1889 construendi

181 2012 188 2025 .
267 1941 363 2021 infra
379 1944 563 2021 terminos
583 1941 780 2049 parrochie
801 1943 848 2018 de
868 1941 1071 2047 Arquinio,
1093 1942 1190 2018 hanc
1212 1942 1259 2018 de
1281 1940 1545 2019 substituendo
1570 1941 1690 2048 capel.-

268 2071 355 2150 lano
385 2074 493 2151 etde
520 2073 635 2151 rebus
655 2072 796 2179 capelle
827 2072 1071 2177 disponendis
1096 2071 1375 2150 ordinationem
1401 2072 1447 2149 ab
1474 2073 1606 2150 cadem
1634 2104 1692 2151 ec-

268 2202 381 2278 clesia
400 2203 668 2308 impetrarunt,
688 2231 803 2309 quarn
824 2230 863 2279 se
882 2219 1092 2280 servaturos
1112 2230 1192 2281 esse
1217 2201 1448 2279 unanimiter
1464 2204 1692 2309 compromi-

269 2351 416 2425 serunt,
435 2334 534 2411 salvo
564 2334 602 2410 in
632 2334 810 2411 omnibus
828 2333 914 2440 jure
943 2332 1156 2439 episcopali.
1178 2330 1397 2413 Willebnus
1424 2332 1551 2439 itaque
1577 2349 1615 2409 et
1633 2335 1690 2411 sui

269 2463 506 2570 coadjutores
516 2464 762 2570 quadraginta
771 2481 1074 2541 mensurasterre
1087 2463 1295 2569 presbitero
1307 2461 1527 2568 capelle,vel
1539 2480 1691 2540 centum

269 2593 412 2671 solidos
430 2593 605 2670 Flandrie
621 2611 788 2686 moneto,
807 2593 837 2670 si
859 2593 1045 2699 presbiter
1060 2622 1124 2670 eos
1138 2594 1256 2702 magis
1272 2593 1464 2683 amaverit,
1487 2592 1534 2669 ad
1554 2610 1693 2670 susten·

216 2719 217 2722 ¹
269 2739 480 2800 tamentum
501 2724 619 2801 victus
645 2740 683 2800 et
701 2724 855 2801 vestitus
873 2724 1165 2830 assignaverunt,
1188 2751 1284 2830 quos
1311 2722 1554 2800 neceeclesia
1576 2724 1691 2800 sancti

270 2847 412 2951 Bertini
431 2854 479 2930 ad
509 2882 549 2931 se
568 2882 737 2960 unquam
758 2851 915 2930 debebit
939 2854 1143 2944 attrahere,
1163 2882 1232 2931 nec
1257 2844 1456 2931 collatores
1487 2851 1692 2930 elemosine

270 2983 328 3059 vel
360 3010 591 3061 successores
620 3010 753 3059 eorum
781 2983 820 3057 in
850 3010 938 3060 suos
966 2998 1145 3088 poterunt
1169 3011 1260 3060 usus
1287 3010 1471 3059 revocare.
1498 2982 1538 3059 Si
1566 3002 1690 3061 autem

271 3113 458 3220 presbiter
476 3141 545 3220 pro
564 3111 629 3189 tali
646 3113 775 3219 precio
792 3112 932 3219 capelle
951 3113 1117 3190 noluerit
1136 3113 1290 3203 servire,
1306 3113 1362 3189 illi
1383 3113 1558 3221 aquibus
1578 3117 1694 3194 eccle-

271 3246 324 3321 sia
345 3244 554 3336 descendit,
576 3244 606 3321 si
625 3244 861 3351 capellanum
878 3243 1066 3323 voluerint
1084 3243 1240 3334 babere,
1263 3244 1368 3352 quod
1387 3248 1637 3325 necessarium
1658 3249 1693 3324 ei

271 3374 386 3452 luerit
403 3374 636 3452 tenebuntur
657 3404 938 3484 supererogare.
957 3376 1054 3454 Sane
1078 3376 1268 3453 institutio
1288 3393 1326 3453 et
1342 3374 1560 3453 substitutio
1580 3376 1696 3481 capel-

147 3522 179 3561 ·'-
272 3504 348 3582 lani
371 3506 419 3583 ad
437 3504 586 3583 nullum
610 3505 726 3583 alium
752 3507 823 3584 nisi
845 3506 894 3583 ad
919 3505 1093 3581 abbatem
1114 3505 1231 3581 sancti
1253 3504 1396 3584 Bertini
1416 3506 1620 3611 pertineat,
1644 3506 1694 3583 ita

272 3635 377 3742 quod
399 3636 561 3712 domnus
589 3635 786 3740 episcopus
811 3635 940 3712 debita
961 3635 1032 3711 sibi
1059 3635 1345 3740 presentationis
1377 3637 1585 3715 reverentia
1616 3665 1693 3714 non

273 3781 409 3852 careat,
438 3780 654 3840 conservato
676 3793 829 3871 quoque
843 3766 931 3873 jure
961 3765 1116 3844 ecclesie
1150 3766 1197 3843 de
1221 3765 1404 3873 Aequinio
1431 3768 1478 3846 de
1503 3767 1694 3874 sepultura

273 3910 531 3984 mortuorum,
551 3893 598 3969 de
621 3895 873 3999 sponsalibus,
897 3897 944 3972 de
964 3896 1209 4004 baptisteriis,
1236 3899 1282 3974 de
1307 3898 1611 3977 reconciliatione
1628 3928 1693 4004 pa·

273 4023 471 4115 rientium,
495 4023 542 4100 de
560 4023 873 4114 confessionibus,
895 4026 1173 4120 anniversariis,
1196 4028 1421 4122 tricenariis,
1444 4048 1483 4106 et
1508 4029 1556 4107 de
1586 4031 1691 4107 omni

273 4153 450 4232 canonica
470 4154 760 4247 consuetudine,
777 4185 891 4263 quam
908 4157 1042 4236 fideles
1059 4133 1170 4236 matri
1188 4159 1341 4238 ecclesie
1360 4159 1493 4238 diebus
1513 4159 1693 4265 determi-

273 4285 370 4362 natis
395 4285 548 4363 debent.
579 4285 620 4362 Si
641 4287 737 4393 quid
765 4304 891 4364 autem
917 4288 1128 4396 presbitero
1150 4289 1310 4396 capelle,
1334 4289 1567 4397 simplicibus
1589 4287 1693 4369 sestis

274 4414 332 4490 vel
362 4416 514 4522 privatis
545 4415 698 4503 diebus,
730 4414 900 4495 oblatum
924 4418 1053 4511 fuerit,
1089 4419 1171 4496 sine
1204 4419 1469 4497 reclamatione
1500 4436 1538 4497 et
1566 4420 1693 4528 placiti

274 4546 522 4629 controversia
543 4548 578 4624 ei
599 4548 819 4628 remanebit.
837 4551 881 4628 ln
898 4550 1246 4656 recompensatione
1264 4576 1350 4627 vero
1366 4550 1501 4627 harum
1520 4549 1694 4641 volunta-

274 4675 415 4753 riarum
428 4677 676 4769 oblationum,
690 4680 910 4761 Willelmus
919 4680 1096 4758 roseriam
1109 4680 1303 4768 frumenti,
1318 4680 1357 4757 in
1367 4678 1563 4760 festivitate
1576 4684 1693 4760 sancti

276 4804 470 4886 Michaelis
491 4810 697 4897 annuatim,
714 4810 814 4917 apud
832 4810 1055 4900 Kinendale‚
1072 4810 1290 4913 solvendam
1310 4809 1463 4889 ecclesie
1482 4812 1535 4887 de·
1547 4808 1693 4920 Aequin

1475 4941 1515 5022 ⁶7
