4478 5842
664 491 1079 574 CHARTULARIUM
1108 489 1406 568 SITHIENSE.

997 781 1066 858 lv.

400 968 553 1014 exaurata
576 959 812 1012 COMMUTATIOMS
832 962 983 1010 vlnerum!
1007 965 1093 1009 mam
1116 963 1234 1009 nuum!
1258 963 1294 1006 tr
1315 962 1489 1009 nunonem
1513 962 1646 1009 astacon.

375 1170 455 1246 Sub
476 1170 704 1245 Francorum
726 1192 879 1272 quoque
904 1164 1072 1271 principe
1096 1165 1292 1255 Lothario,
1314 1163 1481 1271 praedicti
1504 1165 1601 1273 regis
1620 1162 1745 1240 Lodo-

316 1299 372 1374 vei
401 1298 500 1386 filio,
528 1324 626 1374 anno
652 1295 770 1402 ipsius
795 1321 844 1385 v.,
867 1296 1058 1401 Verbique
1073 1296 1285 1373 incarnatil
1313 1323 1438 1386 nunu,
1468 1294 1610 1402 placuit
1632 1320 1745 1371 vene·

315 1428 424 1506 rabili
443 1428 523 1505 viro
544 1422 824 1516 Mummoleno‚
846 1426 1084 1503 Noviomensi
1107 1426 1305 1532 episcopo,
1329 1426 1550 1530 domnoque
1568 1423 1743 1515 Bertino,

315 1556 439 1634 abbati
469 1558 516 1633 de
542 1554 667 1634 Sitdiu
697 1555 945 1644 monasterio,
976 1554 1078 1631 inter
1104 1583 1143 1631 se
1170 1554 1296 1660 aliqua
1328 1569 1561 1630 commutare
1587 1551 1743 1644 locella3

315 1687 497 1792 deditque
516 1683 741 1763 venerabilis
760 1684 1047 1763 Mummolenus
1066 1684 1264 1790 episcopus
1284 1684 1428 1760 domno
1442 1681 1596 1758 Bertino
1616 1681 1744 1760 abbati

312 1815 438 1894 villam
467 1831 721 1921 nuncupatam
742 1814 876 1906 Vallis,
904 1843 1017 1921 quam
1044 1815 1092 1891 de
1115 1829 1220 1920 parte
1241 1812 1398 1890 dederat
1420 1811 1498 1889 viro
1519 1813 1743 1891 reverentis·

312 1948 409 2024 simo
423 1946 691 2037 Ebertramno‚
710 1943 836 2021 abbati
859 1944 906 2022 de
927 1945 1045 2022 sancti
1061 1941 1237 2038 Quintini
1253 1942 1446 2031 coenobio,
1467 1969 1537 2049 pro
1558 1941 1628 2019 alia
1641 1942 1739 2035 villa,

312 2093 564 2185 cognomento
580 2075 765 2166 Tuninio,
790 2104 857 2152 seu
875 2074 966 2152 etin
983 2077 1120 2184 Eraga,
1141 2091 1179 2152 et
1198 2076 1238 2152 in
1256 2072 1467 2163 Glindono‚
1488 2072 1547 2150 vel
1562 2072 1602 2149 in
1618 2073 1743 2151 Saler-

310 2207 422 2314 tiago.
438 2209 524 2282 Haec
546 2206 716 2313 quinque
737 2204 870 2282 locella
891 2205 1035 2284 domno
1054 2207 1236 2283 concessit
1246 2203 1418 2296 Bertin03
1432 2219 1480 2295 et,
1499 2205 1737 2291 econtrario,

309 2336 364 2412 vir
377 2336 614 2414 venerandus
627 2335 804 2413 Bertinus
820 2333 926 2411 dedit
939 2334 1194 2417 Mummolino
1213 2336 1388 2442 episcopo
1404 2334 1619 2440 portionem
1633 2365 1739 2415 suam

312 2466 359 2542 de
377 2465 464 2543 villa
484 2482 728 2572 nuncupante
741 2466 936 2558 vausune,
953 2465 994 2542 in
1011 2491 1107 2575 pago
1125 2464 1391 2559 Constantino,
1412 2477 1450 2541 ct
1467 2463 1594 2543 locum
1614 2465 1735 2560 aliud,

310 2596 465 2674 nomine
485 2596 739 2674 Launardiaca
755 2594 860 2689 villa,
887 2595 935 2672 ad
955 2584 1158 2704 integrum.
1179 2598 1305 2691 Quam
1324 2594 1660 2674 commutationem
1680 2626 1740 2675 re·

308 2726 367 2831 gia
387 2728 607 2804 auctoritate
628 2728 852 2805 confirmare
869 2727 1083 2834 petierunt3
1104 2728 1210 2836 quod
1232 2745 1270 2805 et
1289 2727 1428 2806 sactum
1450 2742 1517 2805 est.
1538 2726 1737 2833 Exemplar

310 2873 436 2932 autem
452 2857 561 2963 regiae
570 2839 874 2958 ¹confirmationis
889 2859 972 2935 istic
991 2888 1203 2964 proponere
1220 2858 1371 2964 placuit.

1000 3155 1044 3229 V.

860 3332 1012 3374 ranarum
1035 3312 1189 3375 racanas!

365 3508 492 3586 «Dum
531 3525 569 3585 et
602 3508 712 3587 nobis
740 3508 929 3588 Dominus
960 3512 1000 3588 in
1034 3511 1129 3590 solio
1164 3529 1366 3620 parentum
1400 3531 1618 3593 nostrorum
1646 3516 1735 3594 fecit

308 3639 456 3732 sedere,
473 3657 625 3748 oportet
643 3638 753 3717 nobis
772 3640 975 3719 salubriter
998 3671 1176 3753 peragere
1201 3661 1245 3721 ut
1276 3640 1319 3721 ea
1339 3644 1378 3720 in
1400 3644 1470 3724 Dei
1491 3645 1645 3724 nomine
1665 3647 1733 3725 de-

306 3769 464 3848 beamus
489 3795 735 3877 propensare3
760 3787 804 3847 ut
832 3771 872 3849 id
901 3803 983 3880 quae
1013 3773 1143 3882 quod⁵
1167 3773 1379 3881 profectum
1405 3775 1646 3855 ecclesiarum
1672 3778 1732 3857 vel

307 3927 366 3977 res
377 3918 593 3979 sanctorum
605 3899 821 3978 salvandum
833 3902 1015 4009 pertinet,
1032 3904 1166 3983 libenti
1180 3906 1306 3983 animo
1323 3904 1530 3985 debeamus
1540 3918 1735 4013 prestares

307 4027 469 4138 qualiter
495 4028 628 4108 hocin
654 4031 723 4111 Dei
753 4033 908 4113 nomine
935 4034 1091 4113 inlibata
1124 4035 1261 4114 debeat
1290 4065 1534 4144 permanere,
1566 4056 1604 4116 et
1627 4041 1730 4146 apud

306 4177 487 4239 aeternum
503 4160 773 4240 retributorem
793 4165 903 4244 nobis
924 4195 968 4243 ex
991 4168 1065 4245 hoc
1084 4166 1132 4244 ad
1148 4166 1364 4245 mercedem
1384 4169 1503 4275 possit
1523 4171 1726 4277 pertinere,

306 4306 344 4365 et
364 4293 600 4401 congregatio
620 4294 702 4370 Deo
723 4313 899 4374 canentes
926 4324 995 4403 pro
1022 4297 1132 4377 nobis
1149 4296 1305 4376 Domini
1326 4297 1621 4376 misericordiam
1648 4318 1727 4378 stu-

348 4529 490 4593 ¹Fallitur
504 4531 553 4596 hic
565 4500 743 4617 Folquinus,
761 4549 794 4597 ut
811 4537 895 4608 solet,
915 4559 986 4623 quo
1045 4537 1131 4601 Auno
1154 4540 1243 4623 igitur
1260 4558 1290 4600 vl
1309 4540 1393 4622 regni
1411 4538 1543 4610 (dotarii,
1566 4560 1669 4602 menae
1684 4542 1725 4605 le·

303 4635 485 4718 timeumque
500 4633 558 4698 loro
572 4648 739 4723 temporum
753 4643 987 4704 convenientiam
1047 4641 1178 4714 bruerio,
1193 4644 1259 4727 jam
1274 4642 1409 4707 currebat
1422 4665 1518 4704 annus
1531 4642 1602 4706 662.

302 4736 448 4800 declarare
476 4749 606 4801 conatur.
632 4740 745 4802 Interiit
762 4742 924 4819 clodoveus
943 4743 971 4805 11
977 4791 984 4815 ‚
1083 4744 1094 4774 ’
1113 4744 1197 4808 Edid.
1213 4744 1321 4809 ldabill.
1334 4746 1378 4808 De
1389 4768 1418 4808 ra
1431 4745 1540 4829 diplom.
1557 4769 1586 4829 p.
1607 4745 1680 4810 605.

302 4836 419 4903 Clotarii
436 4838 478 4903 111
492 4853 586 4925 pater.
607 4843 663 4907 sub
679 4844 770 4909 finem
784 4867 810 4908 a.
826 4845 893 4909 Chr.
911 4845 995 4913 656*
1086 4846 1095 4878 ’
1115 4847 1171 4911 Sic.
