<?xml version="1.0" encoding="UTF-8"?>
<!DOCTYPE html PUBLIC "-//W3C//DTD XHTML 1.0 Transitional//EN"
    "http://www.w3.org/TR/xhtml1/DTD/xhtml1-transitional.dtd">
<html xmlns="http://www.w3.org/1999/xhtml" xml:lang="en" lang="en">
 <head>
  <title>
</title>
<meta http-equiv="Content-Type" content="text/html;charset=utf-8" />
  <meta name='ocr-system' content='tesseract 3.04.00' />
  <meta name='ocr-capabilities' content='ocr_page ocr_carea ocr_par ocr_line ocrx_word'/>
</head>
<body>
  <div class='ocr_page' id='page_1' title='image "./cartulairedelab00frangoog_0460.png"; bbox 0 0 4478 5842; ppageno 0'>
   <div class='ocr_carea' id='block_1_1' title="bbox 441 475 1720 621">
    <p class='ocr_par' dir='ltr' id='par_1_1' title="bbox 441 475 1720 621">
     <span class='ocr_line' id='line_1_1' title="bbox 441 475 1720 621; baseline 0.002 -44"><span class='ocrx_word' id='word_1_1' title='bbox 441 503 581 621; x_wconf 28' lang='lat' dir='ltr'>,eras</span> <span class='ocrx_word' id='word_1_2' title='bbox 606 502 1326 581; x_wconf 68' lang='lat' dir='ltr'>murra-commemorans</span> <span class='ocrx_word' id='word_1_3' title='bbox 1352 475 1578 585; x_wconf 82' lang='lat' dir='ltr'>sruours.</span> <span class='ocrx_word' id='word_1_4' title='bbox 1639 506 1720 607; x_wconf 68' lang='lat' dir='ltr'>¹sus&gt;</span> 
     </span>
    </p>
   </div>
   <div class='ocr_carea' id='block_1_2' title="bbox 930 784 1108 861">
    <p class='ocr_par' dir='ltr' id='par_1_2' title="bbox 930 784 1108 861">
     <span class='ocr_line' id='line_1_2' title="bbox 930 784 1108 861; baseline -0.006 -3"><span class='ocrx_word' id='word_1_5' title='bbox 930 784 1108 861; x_wconf 86' lang='lat' dir='ltr'><strong>XXVII.</strong></span> 
     </span>
    </p>
   </div>
   <div class='ocr_carea' id='block_1_3' title="bbox 325 957 1781 1130">
    <p class='ocr_par' dir='ltr' id='par_1_3' title="bbox 325 957 1781 1130">
     <span class='ocr_line' id='line_1_3' title="bbox 325 957 1781 1058; baseline 0.001 -27"><span class='ocrx_word' id='word_1_6' title='bbox 325 988 472 1041; x_wconf 77' lang='lat' dir='ltr'>oumrrru</span> <span class='ocrx_word' id='word_1_7' title='bbox 493 988 584 1030; x_wconf 79' lang='lat' dir='ltr'>suess</span> <span class='ocrx_word' id='word_1_8' title='bbox 606 986 712 1031; x_wconf 83' lang='lat' dir='ltr'>uosrm</span> <span class='ocrx_word' id='word_1_9' title='bbox 734 964 870 1029; x_wconf 66' lang='lat' dir='ltr'>concrum*</span> <span class='ocrx_word' id='word_1_10' title='bbox 889 985 1085 1027; x_wconf 77' lang='lat' dir='ltr'>currusurusr</span> <span class='ocrx_word' id='word_1_11' title='bbox 1108 957 1280 1036; x_wconf 79' lang='lat' dir='ltr'>rurrururr,</span> <span class='ocrx_word' id='word_1_12' title='bbox 1304 988 1338 1029; x_wconf 82' lang='lat' dir='ltr'>rr</span> <span class='ocrx_word' id='word_1_13' title='bbox 1360 989 1397 1029; x_wconf 80' lang='lat' dir='ltr'>oe</span> <span class='ocrx_word' id='word_1_14' title='bbox 1420 988 1594 1034; x_wconf 80' lang='lat' dir='ltr'>rnrvrmuus</span> <span class='ocrx_word' id='word_1_15' title='bbox 1616 990 1652 1031; x_wconf 75' lang='lat' dir='ltr'>ss</span> <span class='ocrx_word' id='word_1_16' title='bbox 1675 990 1711 1032; x_wconf 81' lang='lat' dir='ltr'>ro</span> <span class='ocrx_word' id='word_1_17' title='bbox 1777 1049 1781 1058; x_wconf 32' lang='grc' dir='ltr'>Ι</span> 
     </span>
     <span class='ocr_line' id='line_1_4' title="bbox 918 1087 1103 1130; baseline -0.016 0"><span class='ocrx_word' id='word_1_18' title='bbox 918 1087 1103 1130; x_wconf 78' lang='lat' dir='ltr'>ruamusrm</span> 
     </span>
    </p>
   </div>
   <div class='ocr_carea' id='block_1_4' title="bbox 205 1275 1798 3588">
    <p class='ocr_par' dir='ltr' id='par_1_4' title="bbox 205 1275 1798 3588">
     <span class='ocr_line' id='line_1_5' title="bbox 360 1275 1726 1388; baseline 0.001 -35"><span class='ocrx_word' id='word_1_19' title='bbox 360 1277 472 1355; x_wconf 88' lang='lat' dir='ltr'>Anno</span> <span class='ocrx_word' id='word_1_20' title='bbox 492 1280 665 1388; x_wconf 80' lang='lat' dir='ltr'>sequenti</span> <span class='ocrx_word' id='word_1_21' title='bbox 687 1277 893 1381; x_wconf 71' lang='lat' dir='ltr'>(sermm),</span> <span class='ocrx_word' id='word_1_22' title='bbox 915 1275 1127 1354; x_wconf 84' lang='lat' dir='ltr'>Alexander</span> <span class='ocrx_word' id='word_1_23' title='bbox 1142 1294 1236 1381; x_wconf 88' lang='lat' dir='ltr'>papa</span> <span class='ocrx_word' id='word_1_24' title='bbox 1254 1277 1404 1369; x_wconf 90' lang='lat' dir='ltr'>tertius,</span> <span class='ocrx_word' id='word_1_25' title='bbox 1426 1278 1614 1356; x_wconf 88' lang='lat' dir='ltr'>Lateranis</span> <span class='ocrx_word' id='word_1_26' title='bbox 1633 1281 1726 1355; x_wconf 87' lang='lat' dir='ltr'>resi-</span> 
     </span>
     <span class='ocr_line' id='line_1_6' title="bbox 307 1404 1724 1519; baseline 0.002 -35"><span class='ocrx_word' id='word_1_27' title='bbox 307 1407 419 1499; x_wconf 82' lang='lat' dir='ltr'>dem,</span> <span class='ocrx_word' id='word_1_28' title='bbox 441 1408 615 1519; x_wconf 89' lang='lat' dir='ltr'>generale</span> <span class='ocrx_word' id='word_1_29' title='bbox 634 1439 653 1486; x_wconf 91' lang='lat' dir='ltr'>a</span> <span class='ocrx_word' id='word_1_30' title='bbox 675 1406 818 1485; x_wconf 88' lang='lat' dir='ltr'>cunctis</span> <span class='ocrx_word' id='word_1_31' title='bbox 838 1406 976 1483; x_wconf 91' lang='lat' dir='ltr'>mundi</span> <span class='ocrx_word' id='word_1_32' title='bbox 993 1404 1162 1513; x_wconf 87' lang='lat' dir='ltr'>partibus</span> <span class='ocrx_word' id='word_1_33' title='bbox 1180 1405 1382 1484; x_wconf 91' lang='lat' dir='ltr'>concilium</span> <span class='ocrx_word' id='word_1_34' title='bbox 1400 1409 1580 1497; x_wconf 87' lang='lat' dir='ltr'>evocavit,</span> <span class='ocrx_word' id='word_1_35' title='bbox 1602 1409 1669 1486; x_wconf 88' lang='lat' dir='ltr'>ubi</span> <span class='ocrx_word' id='word_1_36' title='bbox 1686 1429 1724 1487; x_wconf 91' lang='lat' dir='ltr'>et</span> 
     </span>
     <span class='ocr_line' id='line_1_7' title="bbox 305 1535 1721 1642; baseline 0.001 -27"><span class='ocrx_word' id='word_1_37' title='bbox 305 1537 419 1615; x_wconf 84' lang='lat' dir='ltr'>abbas</span> <span class='ocrx_word' id='word_1_38' title='bbox 439 1555 568 1615; x_wconf 90' lang='lat' dir='ltr'>noster</span> <span class='ocrx_word' id='word_1_39' title='bbox 587 1565 673 1614; x_wconf 89' lang='lat' dir='ltr'>cum</span> <span class='ocrx_word' id='word_1_40' title='bbox 696 1535 852 1642; x_wconf 90' lang='lat' dir='ltr'>reliquis</span> <span class='ocrx_word' id='word_1_41' title='bbox 874 1535 1001 1624; x_wconf 86' lang='lat' dir='ltr'>affuit;</span> <span class='ocrx_word' id='word_1_42' title='bbox 1022 1535 1167 1640; x_wconf 85' lang='lat' dir='ltr'>ibique,</span> <span class='ocrx_word' id='word_1_43' title='bbox 1188 1551 1360 1642; x_wconf 88' lang='lat' dir='ltr'>tempore</span> <span class='ocrx_word' id='word_1_44' title='bbox 1381 1537 1547 1630; x_wconf 91' lang='lat' dir='ltr'>concilii,</span> <span class='ocrx_word' id='word_1_45' title='bbox 1564 1538 1721 1617; x_wconf 79' lang='lat' dir='ltr'>honeste</span> 
     </span>
     <span class='ocr_line' id='line_1_8' title="bbox 304 1656 1723 1774; baseline 0.004 -31"><span class='ocrx_word' id='word_1_46' title='bbox 304 1687 556 1760; x_wconf 89' lang='lat' dir='ltr'>conversatus,</span> <span class='ocrx_word' id='word_1_47' title='bbox 570 1669 670 1744; x_wconf 91' lang='lat' dir='ltr'>inter</span> <span class='ocrx_word' id='word_1_48' title='bbox 685 1656 755 1744; x_wconf 85' lang='lat' dir='ltr'>alia</span> <span class='ocrx_word' id='word_1_49' title='bbox 768 1664 877 1774; x_wconf 82' lang='lat' dir='ltr'>quea</span> <span class='ocrx_word' id='word_1_50' title='bbox 891 1666 1033 1752; x_wconf 87' lang='lat' dir='ltr'>domno</span> <span class='ocrx_word' id='word_1_51' title='bbox 1047 1695 1141 1773; x_wconf 86' lang='lat' dir='ltr'>papa</span> <span class='ocrx_word' id='word_1_52' title='bbox 1156 1666 1385 1772; x_wconf 89' lang='lat' dir='ltr'>impetravit,</span> <span class='ocrx_word' id='word_1_53' title='bbox 1399 1667 1541 1746; x_wconf 86' lang='lat' dir='ltr'>litteras</span> <span class='ocrx_word' id='word_1_54' title='bbox 1554 1672 1723 1748; x_wconf 77' lang='lat' dir='ltr'>commis</span> 
     </span>
     <span class='ocr_line' id='line_1_9' title="bbox 302 1794 1719 1909; baseline 0.004 -35"><span class='ocrx_word' id='word_1_55' title='bbox 302 1797 418 1875; x_wconf 88' lang='lat' dir='ltr'>sionis</span> <span class='ocrx_word' id='word_1_56' title='bbox 440 1798 488 1874; x_wconf 91' lang='lat' dir='ltr'>ad</span> <span class='ocrx_word' id='word_1_57' title='bbox 506 1794 760 1876; x_wconf 89' lang='lat' dir='ltr'>Morinensem</span> <span class='ocrx_word' id='word_1_58' title='bbox 782 1799 1019 1903; x_wconf 89' lang='lat' dir='ltr'>episcopum,</span> <span class='ocrx_word' id='word_1_59' title='bbox 1042 1814 1079 1873; x_wconf 90' lang='lat' dir='ltr'>et</span> <span class='ocrx_word' id='word_1_60' title='bbox 1099 1797 1402 1876; x_wconf 85' lang='lat' dir='ltr'>comminatorias</span> <span class='ocrx_word' id='word_1_61' title='bbox 1421 1800 1469 1887; x_wconf 84' lang='lat' dir='ltr'>ad</span> <span class='ocrx_word' id='word_1_62' title='bbox 1487 1801 1719 1909; x_wconf 87' lang='lat' dir='ltr'>Philippum,</span> 
     </span>
     <span class='ocr_line' id='line_1_10' title="bbox 205 1927 1722 2039; baseline 0.004 -36"><span class='ocrx_word' id='word_1_63' title='bbox 205 1964 209 1972; x_wconf 95' lang='lat'>·</span> <span class='ocrx_word' id='word_1_64' title='bbox 302 1929 481 2008; x_wconf 90' lang='lat' dir='ltr'>comitem</span> <span class='ocrx_word' id='word_1_65' title='bbox 510 1928 703 2020; x_wconf 87' lang='lat' dir='ltr'>Flandrio‚</span> <span class='ocrx_word' id='word_1_66' title='bbox 725 1930 772 2005; x_wconf 91' lang='lat' dir='ltr'>de</span> <span class='ocrx_word' id='word_1_67' title='bbox 794 1928 940 2003; x_wconf 87' lang='lat' dir='ltr'>decima</span> <span class='ocrx_word' id='word_1_68' title='bbox 961 1927 1132 2003; x_wconf 88' lang='lat' dir='ltr'>alletium</span> <span class='ocrx_word' id='word_1_69' title='bbox 1151 1927 1355 2031; x_wconf 90' lang='lat' dir='ltr'>acquisivit.</span> <span class='ocrx_word' id='word_1_70' title='bbox 1377 1931 1577 2037; x_wconf 84' lang='lat' dir='ltr'>Regressus</span> <span class='ocrx_word' id='word_1_71' title='bbox 1595 1931 1722 2039; x_wconf 84' lang='lat' dir='ltr'>itaque</span> 
     </span>
     <span class='ocr_line' id='line_1_11' title="bbox 302 2052 1723 2163; baseline 0.005 -31"><span class='ocrx_word' id='word_1_72' title='bbox 302 2058 349 2134; x_wconf 95' lang='lat' dir='ltr'>ad</span> <span class='ocrx_word' id='word_1_73' title='bbox 374 2058 539 2163; x_wconf 90' lang='lat' dir='ltr'>propria,</span> <span class='ocrx_word' id='word_1_74' title='bbox 567 2057 655 2163; x_wconf 93' lang='lat' dir='ltr'>quia</span> <span class='ocrx_word' id='word_1_75' title='bbox 681 2056 822 2133; x_wconf 90' lang='lat' dir='ltr'>sciebat</span> <span class='ocrx_word' id='word_1_76' title='bbox 845 2056 971 2133; x_wconf 89' lang='lat' dir='ltr'>omnia</span> <span class='ocrx_word' id='word_1_77' title='bbox 999 2084 1068 2160; x_wconf 89' lang='lat' dir='ltr'>per</span> <span class='ocrx_word' id='word_1_78' title='bbox 1092 2052 1308 2130; x_wconf 88' lang='lat' dir='ltr'>Flandriam</span> <span class='ocrx_word' id='word_1_79' title='bbox 1335 2057 1383 2131; x_wconf 96' lang='lat' dir='ltr'>ad</span> <span class='ocrx_word' id='word_1_80' title='bbox 1412 2075 1547 2134; x_wconf 87' lang='lat' dir='ltr'>nutum</span> <span class='ocrx_word' id='word_1_81' title='bbox 1576 2062 1723 2139; x_wconf 88' lang='lat' dir='ltr'>comitis</span> 
     </span>
     <span class='ocr_line' id='line_1_12' title="bbox 300 2164 1721 2291; baseline 0.004 -29"><span class='ocrx_word' id='word_1_82' title='bbox 300 2184 400 2276; x_wconf 84' lang='lat' dir='ltr'>fieri,</span> <span class='ocrx_word' id='word_1_83' title='bbox 432 2214 518 2262; x_wconf 88' lang='lat' dir='ltr'>eum</span> <span class='ocrx_word' id='word_1_84' title='bbox 546 2186 688 2264; x_wconf 90' lang='lat' dir='ltr'>litteras</span> <span class='ocrx_word' id='word_1_85' title='bbox 713 2183 934 2291; x_wconf 90' lang='lat' dir='ltr'>apostolicas</span> <span class='ocrx_word' id='word_1_86' title='bbox 960 2182 1084 2259; x_wconf 90' lang='lat' dir='ltr'>eidem</span> <span class='ocrx_word' id='word_1_87' title='bbox 1112 2164 1377 2288; x_wconf 73' lang='lat' dir='ltr'>presentisset,</span> <span class='ocrx_word' id='word_1_88' title='bbox 1407 2213 1534 2261; x_wconf 90' lang='lat' dir='ltr'>comes</span> <span class='ocrx_word' id='word_1_89' title='bbox 1560 2187 1646 2264; x_wconf 90' lang='lat' dir='ltr'>illos</span> <span class='ocrx_word' id='word_1_90' title='bbox 1675 2192 1721 2267; x_wconf 89' lang='lat' dir='ltr'>de</span> 
     </span>
     <span class='ocr_line' id='line_1_13' title="bbox 301 2294 1721 2430; baseline 0 -34"><span class='ocrx_word' id='word_1_91' title='bbox 301 2294 534 2426; x_wconf 86' lang='lat' dir='ltr'>Gravelingis</span> <span class='ocrx_word' id='word_1_92' title='bbox 559 2333 597 2393; x_wconf 87' lang='lat' dir='ltr'>et</span> <span class='ocrx_word' id='word_1_93' title='bbox 623 2344 755 2393; x_wconf 89' lang='lat' dir='ltr'>omnes</span> <span class='ocrx_word' id='word_1_94' title='bbox 778 2313 990 2391; x_wconf 88' lang='lat' dir='ltr'>maritimos</span> <span class='ocrx_word' id='word_1_95' title='bbox 1012 2313 1060 2390; x_wconf 92' lang='lat' dir='ltr'>de</span> <span class='ocrx_word' id='word_1_96' title='bbox 1084 2312 1339 2430; x_wconf 89' lang='lat' dir='ltr'>Broburgensi</span> <span class='ocrx_word' id='word_1_97' title='bbox 1366 2314 1588 2409; x_wconf 84' lang='lat' dir='ltr'>castellaria,</span> <span class='ocrx_word' id='word_1_98' title='bbox 1613 2320 1721 2396; x_wconf 88' lang='lat' dir='ltr'>etde</span> 
     </span>
     <span class='ocr_line' id='line_1_14' title="bbox 304 2442 1723 2553; baseline 0.002 -30"><span class='ocrx_word' id='word_1_99' title='bbox 304 2448 483 2524; x_wconf 87' lang='lat' dir='ltr'>comitatu</span> <span class='ocrx_word' id='word_1_100' title='bbox 498 2446 732 2534; x_wconf 90' lang='lat' dir='ltr'>Boloniensi,</span> <span class='ocrx_word' id='word_1_101' title='bbox 756 2445 862 2552; x_wconf 89' lang='lat' dir='ltr'>cujus</span> <span class='ocrx_word' id='word_1_102' title='bbox 881 2461 973 2520; x_wconf 90' lang='lat' dir='ltr'>tunc</span> <span class='ocrx_word' id='word_1_103' title='bbox 992 2442 1172 2549; x_wconf 89' lang='lat' dir='ltr'>temporis</span> <span class='ocrx_word' id='word_1_104' title='bbox 1195 2443 1372 2530; x_wconf 91' lang='lat' dir='ltr'>dominus</span> <span class='ocrx_word' id='word_1_105' title='bbox 1395 2462 1491 2536; x_wconf 89' lang='lat' dir='ltr'>erat,</span> <span class='ocrx_word' id='word_1_106' title='bbox 1511 2463 1646 2553; x_wconf 90' lang='lat' dir='ltr'>utputa</span> <span class='ocrx_word' id='word_1_107' title='bbox 1662 2468 1723 2527; x_wconf 90' lang='lat' dir='ltr'>tu-</span> 
     </span>
     <span class='ocr_line' id='line_1_15' title="bbox 301 2571 1720 2683; baseline 0.002 -30"><span class='ocrx_word' id='word_1_108' title='bbox 301 2594 363 2655; x_wconf 90' lang='lat' dir='ltr'>tor</span> <span class='ocrx_word' id='word_1_109' title='bbox 377 2577 443 2654; x_wconf 91' lang='lat' dir='ltr'>lde</span> <span class='ocrx_word' id='word_1_110' title='bbox 460 2578 664 2667; x_wconf 84' lang='lat' dir='ltr'>comitisse,</span> <span class='ocrx_word' id='word_1_111' title='bbox 681 2576 805 2683; x_wconf 90' lang='lat' dir='ltr'>neptis</span> <span class='ocrx_word' id='word_1_112' title='bbox 820 2602 905 2666; x_wconf 87' lang='lat' dir='ltr'>sue,</span> <span class='ocrx_word' id='word_1_113' title='bbox 924 2572 1011 2651; x_wconf 91' lang='lat' dir='ltr'>illos</span> <span class='ocrx_word' id='word_1_114' title='bbox 1026 2572 1074 2649; x_wconf 91' lang='lat' dir='ltr'>de</span> <span class='ocrx_word' id='word_1_115' title='bbox 1091 2571 1238 2652; x_wconf 88' lang='lat' dir='ltr'>Calesio</span> <span class='ocrx_word' id='word_1_116' title='bbox 1256 2591 1293 2650; x_wconf 88' lang='lat' dir='ltr'>et</span> <span class='ocrx_word' id='word_1_117' title='bbox 1307 2576 1473 2652; x_wconf 90' lang='lat' dir='ltr'>Petressa</span> <span class='ocrx_word' id='word_1_118' title='bbox 1489 2580 1720 2672; x_wconf 89' lang='lat' dir='ltr'>convocavit,</span> 
     </span>
     <span class='ocr_line' id='line_1_16' title="bbox 302 2702 1722 2810; baseline 0.002 -28"><span class='ocrx_word' id='word_1_119' title='bbox 302 2707 462 2783; x_wconf 89' lang='lat' dir='ltr'>suadens</span> <span class='ocrx_word' id='word_1_120' title='bbox 486 2706 538 2783; x_wconf 88' lang='lat' dir='ltr'>eis</span> <span class='ocrx_word' id='word_1_121' title='bbox 559 2723 596 2782; x_wconf 91' lang='lat' dir='ltr'>et</span> <span class='ocrx_word' id='word_1_122' title='bbox 616 2706 804 2810; x_wconf 86' lang='lat' dir='ltr'>imperans</span> <span class='ocrx_word' id='word_1_123' title='bbox 822 2720 866 2780; x_wconf 88' lang='lat' dir='ltr'>ut</span> <span class='ocrx_word' id='word_1_124' title='bbox 884 2702 1089 2809; x_wconf 88' lang='lat' dir='ltr'>apostolico</span> <span class='ocrx_word' id='word_1_125' title='bbox 1114 2703 1291 2781; x_wconf 89' lang='lat' dir='ltr'>mandato</span> <span class='ocrx_word' id='word_1_126' title='bbox 1313 2723 1499 2809; x_wconf 88' lang='lat' dir='ltr'>parerent.</span> <span class='ocrx_word' id='word_1_127' title='bbox 1526 2707 1642 2800; x_wconf 90' lang='lat' dir='ltr'>Quod</span> <span class='ocrx_word' id='word_1_128' title='bbox 1666 2708 1722 2785; x_wconf 92' lang='lat' dir='ltr'>illi</span> 
     </span>
     <span class='ocr_line' id='line_1_17' title="bbox 303 2832 1723 2929; baseline 0.004 -18"><span class='ocrx_word' id='word_1_129' title='bbox 303 2835 516 2928; x_wconf 87' lang='lat' dir='ltr'>audientes,</span> <span class='ocrx_word' id='word_1_130' title='bbox 539 2853 582 2912; x_wconf 91' lang='lat' dir='ltr'>ut</span> <span class='ocrx_word' id='word_1_131' title='bbox 601 2836 710 2911; x_wconf 87' lang='lat' dir='ltr'>turba</span> <span class='ocrx_word' id='word_1_132' title='bbox 730 2835 771 2910; x_wconf 90' lang='lat' dir='ltr'>in</span> <span class='ocrx_word' id='word_1_133' title='bbox 793 2832 1118 2910; x_wconf 86' lang='lat' dir='ltr'>conturbationem</span> <span class='ocrx_word' id='word_1_134' title='bbox 1145 2832 1221 2910; x_wconf 92' lang='lat' dir='ltr'>labi</span> <span class='ocrx_word' id='word_1_135' title='bbox 1240 2833 1376 2927; x_wconf 85' lang='lat' dir='ltr'>facilis,</span> <span class='ocrx_word' id='word_1_136' title='bbox 1396 2836 1633 2929; x_wconf 81' lang='lat' dir='ltr'>tumultuose</span> <span class='ocrx_word' id='word_1_137' title='bbox 1653 2869 1723 2916; x_wconf 91' lang='lat' dir='ltr'>res·</span> 
     </span>
     <span class='ocr_line' id='line_1_18' title="bbox 302 2961 1798 3075; baseline 0.001 -30"><span class='ocrx_word' id='word_1_138' title='bbox 302 2966 568 3074; x_wconf 63' lang='lat' dir='ltr'>ponderuntu</span> <span class='ocrx_word' id='word_1_139' title='bbox 592 2965 719 3043; x_wconf 92' lang='lat' dir='ltr'>seculo</span> <span class='ocrx_word' id='word_1_140' title='bbox 749 2992 827 3042; x_wconf 92' lang='lat' dir='ltr'>non</span> <span class='ocrx_word' id='word_1_141' title='bbox 856 2992 935 3041; x_wconf 90' lang='lat' dir='ltr'>esse</span> <span class='ocrx_word' id='word_1_142' title='bbox 962 2963 1133 3039; x_wconf 90' lang='lat' dir='ltr'>auditum</span> <span class='ocrx_word' id='word_1_143' title='bbox 1159 2961 1306 3068; x_wconf 88' lang='lat' dir='ltr'>aliquos</span> <span class='ocrx_word' id='word_1_144' title='bbox 1332 2965 1517 3042; x_wconf 91' lang='lat' dir='ltr'>decimam</span> <span class='ocrx_word' id='word_1_145' title='bbox 1551 2967 1722 3047; x_wconf 90' lang='lat' dir='ltr'>alletium</span> <span class='ocrx_word' id='word_1_146' title='bbox 1795 3070 1798 3075; x_wconf 12' lang='grc' dir='ltr'><strong>Α</strong></span> 
     </span>
     <span class='ocr_line' id='line_1_19' title="bbox 303 3086 1722 3204; baseline 0.003 -33"><span class='ocrx_word' id='word_1_147' title='bbox 303 3096 465 3204; x_wconf 84' lang='lat' dir='ltr'>exigere,</span> <span class='ocrx_word' id='word_1_148' title='bbox 490 3086 563 3174; x_wconf 79' lang='lat' dir='ltr'>boc</span> <span class='ocrx_word' id='word_1_149' title='bbox 592 3096 749 3174; x_wconf 89' lang='lat' dir='ltr'>omnino</span> <span class='ocrx_word' id='word_1_150' title='bbox 774 3093 857 3170; x_wconf 86' lang='lat' dir='ltr'>lieri</span> <span class='ocrx_word' id='word_1_151' title='bbox 881 3121 960 3170; x_wconf 92' lang='lat' dir='ltr'>non</span> <span class='ocrx_word' id='word_1_152' title='bbox 975 3120 1110 3199; x_wconf 90' lang='lat' dir='ltr'>posse,</span> <span class='ocrx_word' id='word_1_153' title='bbox 1139 3091 1276 3170; x_wconf 91' lang='lat' dir='ltr'>melius</span> <span class='ocrx_word' id='word_1_154' title='bbox 1302 3092 1398 3171; x_wconf 88' lang='lat' dir='ltr'>velle</span> <span class='ocrx_word' id='word_1_155' title='bbox 1425 3097 1523 3172; x_wconf 90' lang='lat' dir='ltr'>mori</span> <span class='ocrx_word' id='word_1_156' title='bbox 1544 3127 1657 3204; x_wconf 88' lang='lat' dir='ltr'>quam</span> <span class='ocrx_word' id='word_1_157' title='bbox 1682 3100 1722 3175; x_wconf 92' lang='lat' dir='ltr'>in</span> 
     </span>
     <span class='ocr_line' id='line_1_20' title="bbox 302 3223 1723 3334; baseline 0.002 -32"><span class='ocrx_word' id='word_1_158' title='bbox 302 3227 522 3334; x_wconf 89' lang='lat' dir='ltr'>hujusmodi</span> <span class='ocrx_word' id='word_1_159' title='bbox 555 3226 828 3333; x_wconf 89' lang='lat' dir='ltr'>subjectionem</span> <span class='ocrx_word' id='word_1_160' title='bbox 863 3252 902 3301; x_wconf 89' lang='lat' dir='ltr'>se</span> <span class='ocrx_word' id='word_1_161' title='bbox 933 3239 1152 3329; x_wconf 87' lang='lat' dir='ltr'>paterentur</span> <span class='ocrx_word' id='word_1_162' title='bbox 1184 3223 1317 3330; x_wconf 88' lang='lat' dir='ltr'>redigi.</span> <span class='ocrx_word' id='word_1_163' title='bbox 1351 3224 1411 3300; x_wconf 94' lang='lat' dir='ltr'>Illi</span> <span class='ocrx_word' id='word_1_164' title='bbox 1439 3255 1527 3304; x_wconf 88' lang='lat' dir='ltr'>vero</span> <span class='ocrx_word' id='word_1_165' title='bbox 1557 3229 1723 3333; x_wconf 86' lang='lat' dir='ltr'>pruden-</span> 
     </span>
     <span class='ocr_line' id='line_1_21' title="bbox 300 3352 1724 3463; baseline 0.001 -30"><span class='ocrx_word' id='word_1_166' title='bbox 300 3357 416 3436; x_wconf 87' lang='lat' dir='ltr'>tiores</span> <span class='ocrx_word' id='word_1_167' title='bbox 436 3356 501 3463; x_wconf 91' lang='lat' dir='ltr'>qui</span> <span class='ocrx_word' id='word_1_168' title='bbox 525 3374 648 3448; x_wconf 86' lang='lat' dir='ltr'>erant,</span> <span class='ocrx_word' id='word_1_169' title='bbox 674 3356 837 3433; x_wconf 79' lang='lat' dir='ltr'>favorem</span> <span class='ocrx_word' id='word_1_170' title='bbox 863 3353 1010 3431; x_wconf 88' lang='lat' dir='ltr'>comitis</span> <span class='ocrx_word' id='word_1_171' title='bbox 1036 3369 1178 3430; x_wconf 91' lang='lat' dir='ltr'>secreto</span> <span class='ocrx_word' id='word_1_172' title='bbox 1203 3352 1518 3457; x_wconf 90' lang='lat' dir='ltr'>promissionibus</span> <span class='ocrx_word' id='word_1_173' title='bbox 1543 3354 1615 3433; x_wconf 92' lang='lat' dir='ltr'>sibi</span> <span class='ocrx_word' id='word_1_174' title='bbox 1641 3387 1724 3434; x_wconf 89' lang='lat' dir='ltr'>con·</span> 
     </span>
     <span class='ocr_line' id='line_1_22' title="bbox 302 3480 1721 3588; baseline -0.001 -24"><span class='ocrx_word' id='word_1_175' title='bbox 302 3486 426 3564; x_wconf 90' lang='lat' dir='ltr'>ciliare</span> <span class='ocrx_word' id='word_1_176' title='bbox 444 3485 663 3578; x_wconf 81' lang='lat' dir='ltr'>studebant3</span> <span class='ocrx_word' id='word_1_177' title='bbox 682 3485 745 3562; x_wconf 88' lang='lat' dir='ltr'>alii</span> <span class='ocrx_word' id='word_1_178' title='bbox 762 3483 951 3563; x_wconf 87' lang='lat' dir='ltr'>terribiles</span> <span class='ocrx_word' id='word_1_179' title='bbox 971 3484 1091 3558; x_wconf 90' lang='lat' dir='ltr'>minas</span> <span class='ocrx_word' id='word_1_180' title='bbox 1112 3480 1374 3572; x_wconf 81' lang='lat' dir='ltr'>effundebant,</span> <span class='ocrx_word' id='word_1_181' title='bbox 1393 3483 1497 3588; x_wconf 88' lang='lat' dir='ltr'>quod</span> <span class='ocrx_word' id='word_1_182' title='bbox 1516 3487 1721 3563; x_wconf 91' lang='lat' dir='ltr'>monachos</span> 
     </span>
    </p>
   </div>
   <div class='ocr_carea' id='block_1_5' title="bbox 209 3600 1901 3724">
    <p class='ocr_par' dir='ltr' id='par_1_5' title="bbox 209 3600 1901 3724">
     <span class='ocr_line' id='line_1_23' title="bbox 209 3600 1901 3724; baseline -0.001 -32"><span class='ocrx_word' id='word_1_183' title='bbox 209 3600 213 3610; x_wconf 79' lang='lat'><em>.</em></span> <span class='ocrx_word' id='word_1_184' title='bbox 300 3619 405 3724; x_wconf 89' lang='lat' dir='ltr'>prius</span> <span class='ocrx_word' id='word_1_185' title='bbox 426 3616 634 3694; x_wconf 89' lang='lat' dir='ltr'>occidendo</span> <span class='ocrx_word' id='word_1_186' title='bbox 661 3616 910 3704; x_wconf 88' lang='lat' dir='ltr'>decimarent,</span> <span class='ocrx_word' id='word_1_187' title='bbox 937 3641 1051 3719; x_wconf 90' lang='lat' dir='ltr'>quam</span> <span class='ocrx_word' id='word_1_188' title='bbox 1078 3610 1246 3688; x_wconf 89' lang='lat' dir='ltr'>monacis</span> <span class='ocrx_word' id='word_1_189' title='bbox 1274 3611 1437 3688; x_wconf 87' lang='lat' dir='ltr'>decimas</span> <span class='ocrx_word' id='word_1_190' title='bbox 1456 3611 1625 3691; x_wconf 83' lang='lat' dir='ltr'>alletium</span> <span class='ocrx_word' id='word_1_191' title='bbox 1644 3645 1722 3722; x_wconf 89' lang='lat' dir='ltr'>per·</span> <span class='ocrx_word' id='word_1_192' title='bbox 1819 3628 1827 3645; x_wconf 83' lang='lat'><strong><em>&#39;</em></strong></span> <span class='ocrx_word' id='word_1_193' title='bbox 1896 3682 1901 3690; x_wconf 90' lang='lat'>.</span> 
     </span>
    </p>
   </div>
   <div class='ocr_carea' id='block_1_6' title="bbox 203 3734 1757 4895">
    <p class='ocr_par' dir='ltr' id='par_1_6' title="bbox 203 3734 1757 4895">
     <span class='ocr_line' id='line_1_24' title="bbox 203 3734 1722 3849; baseline 0 -25"><span class='ocrx_word' id='word_1_194' title='bbox 203 3734 205 3739; x_wconf 45' lang='grc'><strong>’</strong></span> <span class='ocrx_word' id='word_1_195' title='bbox 301 3745 499 3825; x_wconf 89' lang='lat' dir='ltr'>solverent.</span> <span class='ocrx_word' id='word_1_196' title='bbox 527 3744 589 3820; x_wconf 90' lang='lat' dir='ltr'>Sic</span> <span class='ocrx_word' id='word_1_197' title='bbox 610 3742 724 3821; x_wconf 89' lang='lat' dir='ltr'>abbas</span> <span class='ocrx_word' id='word_1_198' title='bbox 748 3742 815 3819; x_wconf 92' lang='lat' dir='ltr'>illo</span> <span class='ocrx_word' id='word_1_199' title='bbox 839 3742 900 3819; x_wconf 89' lang='lat' dir='ltr'>die</span> <span class='ocrx_word' id='word_1_200' title='bbox 926 3738 1043 3818; x_wconf 89' lang='lat' dir='ltr'>nichil</span> <span class='ocrx_word' id='word_1_201' title='bbox 1067 3738 1285 3846; x_wconf 82' lang='lat' dir='ltr'>proficiens,</span> <span class='ocrx_word' id='word_1_202' title='bbox 1311 3741 1428 3819; x_wconf 90' lang='lat' dir='ltr'>tristis</span> <span class='ocrx_word' id='word_1_203' title='bbox 1454 3759 1491 3818; x_wconf 90' lang='lat' dir='ltr'>et</span> <span class='ocrx_word' id='word_1_204' title='bbox 1512 3744 1618 3849; x_wconf 91' lang='lat' dir='ltr'>quasi</span> <span class='ocrx_word' id='word_1_205' title='bbox 1645 3745 1722 3824; x_wconf 86' lang='lat' dir='ltr'>des·</span> 
     </span>
     <span class='ocr_line' id='line_1_25' title="bbox 301 3847 1722 3980; baseline 0.001 -29"><span class='ocrx_word' id='word_1_206' title='bbox 301 3902 436 3980; x_wconf 90' lang='lat' dir='ltr'>perans</span> <span class='ocrx_word' id='word_1_207' title='bbox 449 3874 622 3958; x_wconf 89' lang='lat' dir='ltr'>abcessit,</span> <span class='ocrx_word' id='word_1_208' title='bbox 635 3871 831 3949; x_wconf 87' lang='lat' dir='ltr'>nonnullis</span> <span class='ocrx_word' id='word_1_209' title='bbox 841 3872 959 3947; x_wconf 89' lang='lat' dir='ltr'>eciam</span> <span class='ocrx_word' id='word_1_210' title='bbox 972 3871 1019 3948; x_wconf 88' lang='lat' dir='ltr'>de</span> <span class='ocrx_word' id='word_1_211' title='bbox 1033 3870 1171 3948; x_wconf 90' lang='lat' dir='ltr'>nostris</span> <span class='ocrx_word' id='word_1_212' title='bbox 1182 3869 1216 3946; x_wconf 92' lang='lat' dir='ltr'>ei</span> <span class='ocrx_word' id='word_1_213' title='bbox 1228 3847 1337 3948; x_wconf 82' lang='lat' dir='ltr'>tacite</span> <span class='ocrx_word' id='word_1_214' title='bbox 1353 3871 1670 3951; x_wconf 89' lang='lat' dir='ltr'>subsannantibus</span> <span class='ocrx_word' id='word_1_215' title='bbox 1685 3893 1722 3952; x_wconf 88' lang='lat' dir='ltr'>et</span> 
     </span>
     <span class='ocr_line' id='line_1_26' title="bbox 302 3998 1722 4108; baseline 0.001 -27"><span class='ocrx_word' id='word_1_216' title='bbox 302 4005 537 4083; x_wconf 82' lang='lat' dir='ltr'>dicentibus:</span> <span class='ocrx_word' id='word_1_217' title='bbox 561 4002 697 4080; x_wconf 79' lang='lat' dir='ltr'>«Unde</span> <span class='ocrx_word' id='word_1_218' title='bbox 717 4002 790 4077; x_wconf 91' lang='lat' dir='ltr'>hoc</span> <span class='ocrx_word' id='word_1_219' title='bbox 810 4002 976 4092; x_wconf 91' lang='lat' dir='ltr'>Simoni,</span> <span class='ocrx_word' id='word_1_220' title='bbox 991 4017 1035 4076; x_wconf 90' lang='lat' dir='ltr'>ut</span> <span class='ocrx_word' id='word_1_221' title='bbox 1049 3998 1186 4077; x_wconf 91' lang='lat' dir='ltr'>melior</span> <span class='ocrx_word' id='word_1_222' title='bbox 1199 3999 1379 4078; x_wconf 91' lang='lat' dir='ltr'>omnibus</span> <span class='ocrx_word' id='word_1_223' title='bbox 1393 4003 1722 4108; x_wconf 89' lang='lat' dir='ltr'>predecessoribus</span> 
     </span>
     <span class='ocr_line' id='line_1_27' title="bbox 302 4128 1721 4241; baseline 0 -29"><span class='ocrx_word' id='word_1_224' title='bbox 302 4135 421 4224; x_wconf 79' lang='lat' dir='ltr'>«suis,</span> <span class='ocrx_word' id='word_1_225' title='bbox 449 4132 726 4212; x_wconf 88' lang='lat' dir='ltr'>venerabilibus</span> <span class='ocrx_word' id='word_1_226' title='bbox 756 4130 863 4218; x_wconf 84' lang='lat' dir='ltr'>viris,</span> <span class='ocrx_word' id='word_1_227' title='bbox 893 4159 973 4209; x_wconf 88' lang='lat' dir='ltr'>esse</span> <span class='ocrx_word' id='word_1_228' title='bbox 1002 4128 1133 4217; x_wconf 81' lang='lat' dir='ltr'>vellet,</span> <span class='ocrx_word' id='word_1_229' title='bbox 1163 4128 1229 4235; x_wconf 92' lang='lat' dir='ltr'>qui</span> <span class='ocrx_word' id='word_1_230' title='bbox 1253 4158 1449 4238; x_wconf 89' lang='lat' dir='ltr'>nunquam</span> <span class='ocrx_word' id='word_1_231' title='bbox 1478 4132 1552 4208; x_wconf 90' lang='lat' dir='ltr'>tale</span> <span class='ocrx_word' id='word_1_232' title='bbox 1577 4133 1721 4241; x_wconf 86' lang='lat' dir='ltr'>aliquid</span> 
     </span>
     <span class='ocr_line' id='line_1_28' title="bbox 302 4259 1721 4374; baseline 0 -31"><span class='ocrx_word' id='word_1_233' title='bbox 302 4267 474 4374; x_wconf 82' lang='lat' dir='ltr'>«exigere</span> <span class='ocrx_word' id='word_1_234' title='bbox 485 4264 699 4356; x_wconf 86' lang='lat' dir='ltr'>voluerunt,</span> <span class='ocrx_word' id='word_1_235' title='bbox 715 4291 802 4340; x_wconf 92' lang='lat' dir='ltr'>cum</span> <span class='ocrx_word' id='word_1_236' title='bbox 814 4260 937 4340; x_wconf 88' lang='lat' dir='ltr'>multo</span> <span class='ocrx_word' id='word_1_237' title='bbox 949 4260 1102 4369; x_wconf 86' lang='lat' dir='ltr'>majoris</span> <span class='ocrx_word' id='word_1_238' title='bbox 1112 4259 1294 4366; x_wconf 88' lang='lat' dir='ltr'>potentie,</span> <span class='ocrx_word' id='word_1_239' title='bbox 1306 4259 1501 4369; x_wconf 88' lang='lat' dir='ltr'>religionis</span> <span class='ocrx_word' id='word_1_240' title='bbox 1517 4279 1555 4338; x_wconf 88' lang='lat' dir='ltr'>et</span> <span class='ocrx_word' id='word_1_241' title='bbox 1568 4265 1721 4343; x_wconf 87' lang='lat' dir='ltr'>scientie</span> 
     </span>
     <span class='ocr_line' id='line_1_29' title="bbox 301 4397 1757 4503; baseline -0.001 -30"><span class='ocrx_word' id='word_1_242' title='bbox 301 4397 505 4473; x_wconf 71' lang='lat' dir='ltr'>«essenti»</span> <span class='ocrx_word' id='word_1_243' title='bbox 1341 4484 1344 4489; x_wconf 42' lang='grc'><strong>,</strong></span> <span class='ocrx_word' id='word_1_244' title='bbox 1397 4473 1401 4481; x_wconf 83' lang='grc'><em>,</em></span> <span class='ocrx_word' id='word_1_245' title='bbox 1745 4484 1757 4503; x_wconf 68' lang='lat'>,</span> 
     </span>
     <span class='ocr_line' id='line_1_30' title="bbox 356 4521 1723 4633; baseline 0.003 -30"><span class='ocrx_word' id='word_1_246' title='bbox 356 4527 513 4633; x_wconf 87' lang='lat' dir='ltr'>Propter</span> <span class='ocrx_word' id='word_1_247' title='bbox 532 4526 606 4602; x_wconf 89' lang='lat' dir='ltr'>hoc</span> <span class='ocrx_word' id='word_1_248' title='bbox 630 4541 759 4601; x_wconf 87' lang='lat' dir='ltr'>tamen</span> <span class='ocrx_word' id='word_1_249' title='bbox 785 4522 832 4600; x_wconf 89' lang='lat' dir='ltr'>ab</span> <span class='ocrx_word' id='word_1_250' title='bbox 856 4523 1006 4629; x_wconf 86' lang='lat' dir='ltr'>incepto</span> <span class='ocrx_word' id='word_1_251' title='bbox 1032 4545 1145 4627; x_wconf 90' lang='lat' dir='ltr'>opere</span> <span class='ocrx_word' id='word_1_252' title='bbox 1173 4549 1250 4598; x_wconf 92' lang='lat' dir='ltr'>non</span> <span class='ocrx_word' id='word_1_253' title='bbox 1278 4521 1438 4612; x_wconf 89' lang='lat' dir='ltr'>destitit,</span> <span class='ocrx_word' id='word_1_254' title='bbox 1466 4524 1548 4616; x_wconf 92' lang='lat' dir='ltr'>sed,</span> <span class='ocrx_word' id='word_1_255' title='bbox 1577 4554 1723 4607; x_wconf 89' lang='lat' dir='ltr'>memo-</span> 
     </span>
     <span class='ocr_line' id='line_1_31' title="bbox 299 4649 1717 4764; baseline 0.001 -30"><span class='ocrx_word' id='word_1_256' title='bbox 299 4682 385 4734; x_wconf 88' lang='lat' dir='ltr'>rans</span> <span class='ocrx_word' id='word_1_257' title='bbox 409 4655 558 4764; x_wconf 77' lang='lat' dir='ltr'>uulgare</span> <span class='ocrx_word' id='word_1_258' title='bbox 576 4653 837 4761; x_wconf 89' lang='lat' dir='ltr'>proverbium,</span> <span class='ocrx_word' id='word_1_259' title='bbox 860 4650 963 4759; x_wconf 89' lang='lat' dir='ltr'>quod</span> <span class='ocrx_word' id='word_1_260' title='bbox 981 4649 1030 4729; x_wconf 85' lang='lat' dir='ltr'>ad</span> <span class='ocrx_word' id='word_1_261' title='bbox 1046 4657 1195 4755; x_wconf 78' lang='lat' dir='ltr'>primum</span> <span class='ocrx_word' id='word_1_262' title='bbox 1219 4654 1324 4730; x_wconf 88' lang='lat' dir='ltr'>ictum</span> <span class='ocrx_word' id='word_1_263' title='bbox 1350 4681 1495 4757; x_wconf 83' lang='lat' dir='ltr'>quercus</span> <span class='ocrx_word' id='word_1_264' title='bbox 1516 4683 1581 4731; x_wconf 82' lang='lat' dir='ltr'>uon</span> <span class='ocrx_word' id='word_1_265' title='bbox 1603 4659 1717 4746; x_wconf 83' lang='lat' dir='ltr'>cadit,</span> 
     </span>
     <span class='ocr_line' id='line_1_32' title="bbox 299 4781 1719 4895; baseline 0.001 -33"><span class='ocrx_word' id='word_1_266' title='bbox 299 4788 440 4867; x_wconf 89' lang='lat' dir='ltr'>iterum</span> <span class='ocrx_word' id='word_1_267' title='bbox 458 4816 526 4895; x_wconf 91' lang='lat' dir='ltr'>per</span> <span class='ocrx_word' id='word_1_268' title='bbox 545 4786 687 4864; x_wconf 88' lang='lat' dir='ltr'>litteras</span> <span class='ocrx_word' id='word_1_269' title='bbox 705 4800 743 4862; x_wconf 89' lang='lat' dir='ltr'>et</span> <span class='ocrx_word' id='word_1_270' title='bbox 761 4782 1006 4875; x_wconf 88' lang='lat' dir='ltr'>mediatores,</span> <span class='ocrx_word' id='word_1_271' title='bbox 1022 4781 1259 4891; x_wconf 82' lang='lat' dir='ltr'>maximeque</span> <span class='ocrx_word' id='word_1_272' title='bbox 1279 4811 1347 4890; x_wconf 87' lang='lat' dir='ltr'>per</span> <span class='ocrx_word' id='word_1_273' title='bbox 1360 4784 1483 4862; x_wconf 82' lang='lat' dir='ltr'>virum</span> <span class='ocrx_word' id='word_1_274' title='bbox 1500 4782 1719 4894; x_wconf 85' lang='lat' dir='ltr'>religiosum</span> 
     </span>
    </p>
   </div>
   <div class='ocr_carea' id='block_1_7' title="bbox 0 0 2244 5842">
    <p class='ocr_par' dir='ltr' id='par_1_7' title="bbox 0 0 2244 5842">
     <span class='ocr_line' id='line_1_33' title="bbox 0 0 2244 5842; baseline 0 1"><span class='ocrx_word' id='word_1_275' title='bbox 0 0 2244 5842; x_wconf 95' lang='lat' dir='ltr'> </span> 
     </span>
    </p>
   </div>
  </div>
 </body>
</html>
