4478 5842
578 477 704 550 rins
736 478 1274 553 sacerna-smoms
1301 483 1394 554 ern.
1422 486 1468 553 11.
1659 486 1730 557 295
1827 454 1842 481 ‘

317 613 501 708 Salomes,
530 617 723 717 ecclesiam
750 621 911 727 Hautay;
941 621 1031 696 item
1062 619 1190 696 altaria
1218 622 1412 729 Lisvegne‚
1438 622 1730 728 Snelgnelrerlre,

278 740 287 757 ⁸
315 743 557 851 Erninghem,
572 749 824 841 Bovenlrerlre‚
838 779 912 855 que
926 779 995 855 per
1006 779 1161 848 manum
1173 750 1380 837 Lamberti‚
1397 751 1645 828 Tornacensis
1657 754 1733 859 epi-

315 875 433 979 scopi,
457 876 610 953 ecclesie
631 897 749 956 vestre
771 880 905 956 collata
924 897 1034 971 sunt3
1060 880 1299 986 berquariam
1314 909 1467 986 quoque
1488 882 1732 990 quadraginta

314 1001 515 1096 librarum,
541 1036 615 1113 que
642 1009 751 1084 estin
771 1009 962 1086 territorio
981 1011 1187 1100 Furnensi‚
1215 1040 1328 1116 quam
1349 1011 1507 1088 Carolus
1536 1013 1644 1087 dedit
1664 1043 1732 1118 pro

314 1133 434 1208 anima
456 1134 632 1218 Balduini
654 1138 816 1227 comitis;
839 1157 877 1214 et
894 1157 1033 1216 terram
1055 1140 1103 1215 de
1120 1140 1227 1226 Buri,
1250 1169 1363 1245 quam
1385 1140 1538 1217 ecclesia
1557 1134 1677 1218 vestra
1693 1144 1731 1219 in

312 1262 523 1340 Belvacensi
551 1295 645 1375 pago
671 1267 862 1372 possidere
892 1270 1146 1375 cognoscitur,
1173 1270 1347 1347 similiter
1366 1271 1572 1348 firmamus.
1593 1274 1733 1349 Decer-

312 1393 438 1468 nimus
465 1412 591 1471 autem
619 1414 662 1471 ut
688 1427 708 1473 a
733 1397 819 1474 villa
847 1399 960 1475 Arkas
984 1430 1103 1505 usque
1128 1400 1245 1477 Lodic
1273 1401 1422 1476 nullum
1447 1402 1729 1488 molendinum,

311 1521 451 1629 absque
472 1542 541 1602 tuo
560 1542 790 1633 tuorumque
812 1557 1069 1605 successorum
1090 1558 1258 1622 assensu,
1281 1548 1515 1618 construere,
1539 1533 1634 1607 etin
1651 1562 1732 1609 om·

311 1653 423 1730 nibus
445 1656 649 1759 parrochiis
673 1659 820 1748 vestris,
850 1659 980 1736 nullus
1004 1659 1197 1735 ecclesiam
1222 1661 1282 1737 vel
1309 1662 1598 1751 monasterium,
1620 1662 1717 1737 resia

308 1803 418 1892 gante
438 1787 629 1864 voluntate
648 1805 782 1878 vestra,
805 1789 978 1865 edificare
1000 1807 1206 1894 presumat3
1228 1790 1434 1897 nullusque
1455 1790 1638 1897 presbiter
1658 1792 1731 1869 sive

310 1915 466 1994 clericus
484 1917 524 1993 in
545 1918 712 1994 ecclesiis
730 1918 788 1993 vel
810 1919 960 2024 capellis
987 1921 1117 1995 vestris
1136 1921 1216 1996 sine
1238 1937 1358 1997 vestro
1385 1950 1536 1997 assensu
1558 1939 1595 1997 et
1614 1921 1730 1999 libera

307 2045 518 2138 voluntate,
535 2077 603 2152 per
616 2078 653 2125 se
665 2110 673 2138 ‚
686 2048 743 2125 vel
754 2076 823 2154 per
837 2049 912 2124 vim
928 2048 1098 2135 alterius,
1113 2048 1303 2125 licentiam
1318 2049 1453 2125 habeat
1465 2054 1728 2154 permanendi,

308 2192 372 2251 aut
391 2175 546 2282 aliquod
565 2175 635 2251 sibi
656 2177 823 2262 officium
844 2177 1072 2254 assumendi.
1095 2178 1260 2267 sivero,
1284 2207 1327 2253 ex
1349 2195 1526 2283 precepto
1548 2181 1726 2287 episcopi,

307 2321 405 2381 terra
425 2305 578 2383 bannita
597 2308 728 2396 fuerit,
748 2308 788 2382 in
815 2307 979 2385 ecclesiis
1003 2324 1041 2384 et
1068 2307 1219 2413 capellis
1243 2308 1372 2385 vestris
1396 2309 1572 2386 monachi
1593 2327 1631 2385 et
1654 2310 1729 2386 cle-

307 2435 373 2510 rici
401 2437 530 2526 vestri,
562 2438 697 2514 clausis
721 2437 847 2543 januis
877 2455 914 2514 et
943 2437 1046 2514 laicis
1072 2435 1243 2527 exclusis,
1274 2438 1398 2514 divina
1428 2439 1614 2515 celebrare
1641 2442 1729 2517 mis—

306 2566 398 2641 teria
422 2594 498 2642 non
520 2568 709 2642 desistant.
734 2568 847 2660 Quod
872 2568 902 2643 si
922 2567 1038 2672 aliqui
1060 2566 1106 2642 de
1127 2566 1381 2671 parrochianis
1402 2568 1532 2644 vestris
1556 2598 1624 2673 pro
1645 2600 1728 2676 spe-

306 2695 386 2770 ciali
414 2696 553 2772 delicto
580 2696 887 2772 excommunicati
911 2694 1070 2786 fuerint,
1092 2695 1180 2800 ipsis
1208 2694 1254 2770 ab
1280 2695 1432 2772 ecclesia
1455 2699 1723 2793 exterminatis,

305 2823 387 2899 aliis
413 2824 535 2900 divina
565 2851 642 2899 non
666 2841 852 2930 negentur
876 2823 1003 2901 offitia.
1026 2825 1234 2901 Statuimus
1255 2824 1372 2900 eciam
1393 2841 1437 2900 ut
1455 2826 1585 2902 nullus
1613 2828 1726 2906 abbas
1769 2853 1772 2859 ’

304 2953 343 3029 in
365 2954 499 3030 eodem
520 2953 748 3030 monasterio
776 2972 1022 3061 preponatur,
1044 2954 1116 3030 nisi
1133 2982 1247 3061 quem
1271 2953 1403 3031 fratres
1423 2958 1616 3033 communi
1636 2986 1724 3074 con-

304 3112 434 3174 sensu,
454 3084 513 3160 vel
532 3083 690 3160 fratrum
704 3113 789 3189 pars
809 3083 954 3161 consilii
975 3085 1150 3175 sanioris,
1173 3085 1379 3161 secundum
1400 3084 1471 3161 Dei
1490 3086 1667 3164 timorem
1689 3107 1726 3166 et

303 3211 403 3289 beati
430 3213 625 3289 Benedicti
645 3214 832 3322 regulam,
861 3215 909 3291 de
934 3244 1000 3292 sua
1021 3214 1310 3322 congregatione
1334 3214 1566 3320 providerint
1586 3217 1725 3325 eligen-

305 3342 409 3419 dum.
427 3344 674 3421 Decemimus
694 3372 782 3453 ergo
803 3364 845 3422 ut
867 3345 963 3422 nulli
984 3347 1141 3424 omnino
1166 3347 1366 3422 hominum
1387 3344 1497 3421 liccat
1516 3347 1722 3451 sepefatum

303 3475 572 3552 monasterium
593 3493 735 3552 temere
755 3477 993 3585 perturbare,
1015 3493 1080 3553 aut
1105 3475 1186 3581 ejus
1207 3475 1459 3579 possessiones
1479 3474 1641 3567 auferre,
1664 3478 1722 3555 vel

302 3604 440 3682 ablatas
459 3607 638 3696 retinere,
660 3609 848 3697 minuere,
867 3606 926 3682 vel
946 3605 1154 3682 temerariis
1177 3603 1435 3681 vexationibus
1462 3603 1632 3712 fatigare3
1654 3608 1721 3683 sed

303 3736 428 3812 omnia
460 3737 603 3840 integra
635 3751 902 3813 conserventur
931 3764 1064 3813 eorum
1093 3763 1161 3840 pro
1191 3761 1355 3840 quorum
1387 3734 1657 3811 sustentatione
1684 3755 1721 3814 et

300 3864 570 3971 gubernatione
598 3891 770 3939 concessa
797 3878 903 3948 sunt,
931 3865 1061 3941 usibus
1091 3864 1323 3941 omnimodis
1349 3862 1554 3969 prefutura.
1579 3865 1619 3942 Si
1645 3896 1718 3972 qua

301 3994 415 4100 igitur
432 3993 471 4068 in
491 3991 662 4068 futurum
681 3992 926 4069 ecclesiastica
940 3993 1159 4070 secularisve
1183 4021 1357 4099 persona,
1379 3994 1475 4070 hanc
1487 4012 1613 4072 nostre
1630 4024 1718 4073 con-

301 4122 507 4200 stitutionis
526 4121 698 4229 paginam
718 4122 856 4208 sciens,
881 4139 1008 4200 contra
1035 4148 1117 4199 eam
1147 4138 1290 4198 temere
1313 4123 1438 4198 venire
1462 4125 1715 4227 temptaverit‚'

302 4252 468 4331 secundo
489 4252 647 4329 terciove
668 4251 915 4342 commonita,
937 4253 968 4329 si
988 4279 1066 4328 non
1085 4251 1334 4330 satisfactione
1358 4280 1522 4360 congrua
1540 4255 1717 4331 emenda-

299 4382 407 4473 verit,
437 4382 629 4488 potestatis
647 4382 878 4489 honorisque
899 4383 956 4458 sui
977 4382 1157 4490 dignitate
1179 4398 1317 4472 careat,
1334 4410 1512 4487 reamque
1533 4410 1572 4459 se
1589 4382 1716 4460 divino

295 4511 435 4620 juditio
456 4510 611 4589 existere
627 4510 675 4588 de
693 4527 904 4618 perpetrata
922 4512 1120 4618 iniquitate
1143 4527 1355 4618 cognoscat,
1380 4527 1417 4588 et
1436 4511 1716 4590 asacratissimo

298 4668 456 4746 corpore
483 4657 521 4718 et
539 4641 719 4746 sanguine
742 4642 814 4720 Dei
834 4659 873 4720 et
890 4641 1046 4722 Domini
1061 4640 1312 4747 redemptoris
1329 4640 1449 4718 nostri
1467 4643 1555 4718 Jesu
1576 4642 1715 4720 Christi

299 4770 527 4864 alienafiat,
559 4787 671 4878 atque
697 4771 737 4847 in
765 4789 931 4853 extremo
956 4771 1127 4853 examine
1154 4770 1319 4852 districte
1349 4770 1487 4852 ultioni
1515 4770 1712 4878 subjaceat.
