<?xml version="1.0" encoding="UTF-8"?>
<!DOCTYPE html PUBLIC "-//W3C//DTD XHTML 1.0 Transitional//EN"
    "http://www.w3.org/TR/xhtml1/DTD/xhtml1-transitional.dtd">
<html xmlns="http://www.w3.org/1999/xhtml" xml:lang="en" lang="en">
 <head>
  <title>
</title>
<meta http-equiv="Content-Type" content="text/html;charset=utf-8" />
  <meta name='ocr-system' content='tesseract 3.04.00' />
  <meta name='ocr-capabilities' content='ocr_page ocr_carea ocr_par ocr_line ocrx_word'/>
</head>
<body>
  <div class='ocr_page' id='page_1' title='image "./cartulairedelab00frangoog_0315.png"; bbox 0 0 4388 5850; ppageno 0'>
   <div class='ocr_carea' id='block_1_1' title="bbox 254 545 1379 633">
    <p class='ocr_par' dir='ltr' id='par_1_1' title="bbox 254 545 1379 633">
     <span class='ocr_line' id='line_1_1' title="bbox 254 545 1379 633; baseline -0.017 0"><span class='ocrx_word' id='word_1_1' title='bbox 254 557 328 633; x_wconf 65' lang='lat'><strong>2012</strong></span> <span class='ocrx_word' id='word_1_2' title='bbox 607 551 1008 630; x_wconf 79' lang='lat' dir='ltr'>GHARTULARIUM</span> <span class='ocrx_word' id='word_1_3' title='bbox 1035 545 1338 620; x_wconf 60' lang='lat' dir='ltr'><strong>strumum,</strong></span> <span class='ocrx_word' id='word_1_4' title='bbox 1377 552 1379 559; x_wconf 90' lang='lat'>&#39;</span> 
     </span>
    </p>
   </div>
   <div class='ocr_carea' id='block_1_2' title="bbox 177 682 1697 4425">
    <p class='ocr_par' dir='ltr' id='par_1_2' title="bbox 177 682 1697 4425">
     <span class='ocr_line' id='line_1_2' title="bbox 256 682 1671 806; baseline -0.013 -31"><span class='ocrx_word' id='word_1_5' title='bbox 256 697 457 806; x_wconf 79' lang='lat' dir='ltr'><strong>possessio,</strong></span> <span class='ocrx_word' id='word_1_6' title='bbox 476 698 653 773; x_wconf 89' lang='lat' dir='ltr'><strong>comitatu</strong></span> <span class='ocrx_word' id='word_1_7' title='bbox 675 712 713 770; x_wconf 90' lang='lat' dir='ltr'><strong>et</strong></span> <span class='ocrx_word' id='word_1_8' title='bbox 728 693 833 771; x_wconf 90' lang='lat' dir='ltr'><strong>omni</strong></span> <span class='ocrx_word' id='word_1_9' title='bbox 849 692 932 799; x_wconf 84' lang='lat' dir='ltr'><strong>lege</strong></span> <span class='ocrx_word' id='word_1_10' title='bbox 947 688 1102 767; x_wconf 88' lang='lat' dir='ltr'><strong>seculari</strong></span> <span class='ocrx_word' id='word_1_11' title='bbox 1114 688 1137 778; x_wconf 89' lang='lat'><strong>¹,</strong></span> <span class='ocrx_word' id='word_1_12' title='bbox 1153 684 1223 764; x_wconf 88' lang='lat' dir='ltr'><strong>soli</strong></span> <span class='ocrx_word' id='word_1_13' title='bbox 1239 682 1394 759; x_wconf 83' lang='lat' dir='ltr'><strong>ecclesie</strong></span> <span class='ocrx_word' id='word_1_14' title='bbox 1411 682 1577 772; x_wconf 70' lang='lat' dir='ltr'><strong>subdita,</strong></span> <span class='ocrx_word' id='word_1_15' title='bbox 1589 682 1671 759; x_wconf 90' lang='lat' dir='ltr'><strong>sine</strong></span> 
     </span>
     <span class='ocr_line' id='line_1_3' title="bbox 258 810 1672 935; baseline -0.014 -29"><span class='ocrx_word' id='word_1_16' title='bbox 258 828 387 935; x_wconf 73' lang='lat' dir='ltr'><strong>aliqua</strong></span> <span class='ocrx_word' id='word_1_17' title='bbox 401 826 555 932; x_wconf 78' lang='lat' dir='ltr'><strong>alicujus¹</strong></span> <span class='ocrx_word' id='word_1_18' title='bbox 579 823 726 901; x_wconf 87' lang='lat' dir='ltr'><strong>comitis</strong></span> <span class='ocrx_word' id='word_1_19' title='bbox 747 823 805 900; x_wconf 89' lang='lat' dir='ltr'><strong>vel</strong></span> <span class='ocrx_word' id='word_1_20' title='bbox 828 820 993 925; x_wconf 84' lang='lat' dir='ltr'><strong>potentis</strong></span> <span class='ocrx_word' id='word_1_21' title='bbox 1014 818 1049 893; x_wconf 82' lang='lat' dir='ltr'><strong>vi</strong></span> <span class='ocrx_word' id='word_1_22' title='bbox 1072 817 1132 892; x_wconf 88' lang='lat' dir='ltr'><strong>vel</strong></span> <span class='ocrx_word' id='word_1_23' title='bbox 1154 813 1341 903; x_wconf 84' lang='lat' dir='ltr'><strong>molestia,</strong></span> <span class='ocrx_word' id='word_1_24' title='bbox 1369 811 1478 887; x_wconf 80' lang='lat' dir='ltr'><strong>firma</strong></span> <span class='ocrx_word' id='word_1_25' title='bbox 1500 810 1672 888; x_wconf 78' lang='lat' dir='ltr'><strong>libertate</strong></span> 
     </span>
     <span class='ocr_line' id='line_1_4' title="bbox 258 943 1675 1064; baseline -0.012 -29"><span class='ocrx_word' id='word_1_26' title='bbox 258 960 536 1064; x_wconf 81' lang='lat' dir='ltr'><strong>imperpetuum</strong></span> <span class='ocrx_word' id='word_1_27' title='bbox 548 970 776 1059; x_wconf 86' lang='lat' dir='ltr'><strong>permaneat.</strong></span> <span class='ocrx_word' id='word_1_28' title='bbox 792 952 912 1055; x_wconf 87' lang='lat' dir='ltr'><strong>Super</strong></span> <span class='ocrx_word' id='word_1_29' title='bbox 931 948 1075 1035; x_wconf 79' lang='lat' dir='ltr'><strong>omnia,</strong></span> <span class='ocrx_word' id='word_1_30' title='bbox 1093 947 1141 1023; x_wconf 89' lang='lat' dir='ltr'><strong>de</strong></span> <span class='ocrx_word' id='word_1_31' title='bbox 1153 945 1297 1050; x_wconf 87' lang='lat' dir='ltr'><strong>pascuis</strong></span> <span class='ocrx_word' id='word_1_32' title='bbox 1312 947 1516 1048; x_wconf 89' lang='lat' dir='ltr'><strong>porcorum</strong></span> <span class='ocrx_word' id='word_1_33' title='bbox 1529 943 1675 1048; x_wconf 82' lang='lat' dir='ltr'><strong>velpe·</strong></span> 
     </span>
     <span class='ocr_line' id='line_1_5' title="bbox 258 1073 1675 1192; baseline -0.015 -26"><span class='ocrx_word' id='word_1_34' title='bbox 258 1117 391 1166; x_wconf 88' lang='lat' dir='ltr'><strong>corum</strong></span> <span class='ocrx_word' id='word_1_35' title='bbox 413 1086 580 1192; x_wconf 87' lang='lat' dir='ltr'><strong>ejusdem</strong></span> <span class='ocrx_word' id='word_1_36' title='bbox 596 1082 684 1160; x_wconf 84' lang='lat' dir='ltr'><strong>ville</strong></span> <span class='ocrx_word' id='word_1_37' title='bbox 702 1082 741 1156; x_wconf 91' lang='lat' dir='ltr'><strong>iu</strong></span> <span class='ocrx_word' id='word_1_38' title='bbox 757 1081 876 1156; x_wconf 82' lang='lat' dir='ltr'><strong>vicina</strong></span> <span class='ocrx_word' id='word_1_39' title='bbox 890 1077 994 1167; x_wconf 88' lang='lat' dir='ltr'><strong>silva,</strong></span> <span class='ocrx_word' id='word_1_40' title='bbox 1010 1076 1175 1152; x_wconf 81' lang='lat' dir='ltr'><strong>Ruboud</strong></span> <span class='ocrx_word' id='word_1_41' title='bbox 1195 1074 1313 1164; x_wconf 81' lang='lat' dir='ltr'><strong>dicta,</strong></span> <span class='ocrx_word' id='word_1_42' title='bbox 1329 1074 1487 1179; x_wconf 86' lang='lat' dir='ltr'><strong>antiquo</strong></span> <span class='ocrx_word' id='word_1_43' title='bbox 1496 1073 1580 1180; x_wconf 88' lang='lat' dir='ltr'><strong>jure</strong></span> <span class='ocrx_word' id='word_1_44' title='bbox 1599 1101 1675 1177; x_wconf 78' lang='lat' dir='ltr'><strong>pas</strong></span> 
     </span>
     <span class='ocr_line' id='line_1_6' title="bbox 261 1202 1672 1318; baseline -0.011 -25"><span class='ocrx_word' id='word_1_45' title='bbox 261 1217 442 1305; x_wconf 80' lang='lat' dir='ltr'><strong>sentitun,</strong></span> <span class='ocrx_word' id='word_1_46' title='bbox 465 1211 671 1318; x_wconf 89' lang='lat' dir='ltr'><strong>antiquarie</strong></span> <span class='ocrx_word' id='word_1_47' title='bbox 688 1227 787 1286; x_wconf 84' lang='lat' dir='ltr'><strong>carte</strong></span> <span class='ocrx_word' id='word_1_48' title='bbox 807 1235 939 1284; x_wconf 86' lang='lat' dir='ltr'><strong>eorum</strong></span> <span class='ocrx_word' id='word_1_49' title='bbox 960 1206 1182 1294; x_wconf 90' lang='lat' dir='ltr'><strong>assentiens,</strong></span> <span class='ocrx_word' id='word_1_50' title='bbox 1200 1204 1332 1292; x_wconf 88' lang='lat' dir='ltr'><strong>annui,</strong></span> <span class='ocrx_word' id='word_1_51' title='bbox 1354 1221 1399 1281; x_wconf 89' lang='lat' dir='ltr'><strong>ut</strong></span> <span class='ocrx_word' id='word_1_52' title='bbox 1416 1203 1544 1280; x_wconf 88' lang='lat' dir='ltr'><strong>nullus</strong></span> <span class='ocrx_word' id='word_1_53' title='bbox 1562 1202 1672 1292; x_wconf 87' lang='lat' dir='ltr'><strong>alius,</strong></span> 
     </span>
     <span class='ocr_line' id='line_1_7' title="bbox 260 1332 1675 1444; baseline -0.01 -23"><span class='ocrx_word' id='word_1_54' title='bbox 260 1346 332 1422; x_wconf 91' lang='lat' dir='ltr'><strong>nisi</strong></span> <span class='ocrx_word' id='word_1_55' title='bbox 354 1343 471 1430; x_wconf 57' lang='lat' dir='ltr'><strong>⁴abbas</strong></span> <span class='ocrx_word' id='word_1_56' title='bbox 494 1340 662 1444; x_wconf 87' lang='lat' dir='ltr'><strong>predicte</strong></span> <span class='ocrx_word' id='word_1_57' title='bbox 674 1390 680 1397; x_wconf 62' lang='lat'><em>„</em></span> <span class='ocrx_word' id='word_1_58' title='bbox 688 1337 860 1425; x_wconf 87' lang='lat' dir='ltr'><strong>ecclesie,</strong></span> <span class='ocrx_word' id='word_1_59' title='bbox 886 1342 950 1411; x_wconf 88' lang='lat' dir='ltr'><strong>aut</strong></span> <span class='ocrx_word' id='word_1_60' title='bbox 975 1334 1188 1440; x_wconf 80' lang='lat' dir='ltr'><strong>prepositus</strong></span> <span class='ocrx_word' id='word_1_61' title='bbox 1210 1335 1286 1410; x_wconf 87' lang='lat' dir='ltr'><strong>&#39;sive</strong></span> <span class='ocrx_word' id='word_1_62' title='bbox 1311 1333 1445 1410; x_wconf 87' lang='lat' dir='ltr'><strong>missus</strong></span> <span class='ocrx_word' id='word_1_63' title='bbox 1467 1334 1565 1439; x_wconf 86' lang='lat' dir='ltr'><strong>ejus,</strong></span> <span class='ocrx_word' id='word_1_64' title='bbox 1587 1332 1675 1409; x_wconf 89' lang='lat' dir='ltr'><strong>inde</strong></span> 
     </span>
     <span class='ocr_line' id='line_1_8' title="bbox 263 1462 1680 1579; baseline -0.008 -30.059"><span class='ocrx_word' id='word_1_65' title='bbox 263 1474 383 1579; x_wconf 82' lang='lat' dir='ltr'><strong>exigat</strong></span> <span class='ocrx_word' id='word_1_66' title='bbox 405 1487 442 1546; x_wconf 88' lang='lat' dir='ltr'><strong>et</strong></span> <span class='ocrx_word' id='word_1_67' title='bbox 465 1467 619 1571; x_wconf 86' lang='lat' dir='ltr'><strong>accipiat</strong></span> <span class='ocrx_word' id='word_1_68' title='bbox 635 1463 831 1571; x_wconf 88' lang='lat' dir='ltr'><strong>quicquid,</strong></span> <span class='ocrx_word' id='word_1_69' title='bbox 853 1462 972 1569; x_wconf 85' lang='lat' dir='ltr'><strong>quasi,</strong></span> <span class='ocrx_word' id='word_1_70' title='bbox 990 1490 1058 1566; x_wconf 92' lang='lat' dir='ltr'><strong>pro</strong></span> <span class='ocrx_word' id='word_1_71' title='bbox 1073 1469 1250 1567; x_wconf 88' lang='lat' dir='ltr'><strong>respectu</strong></span> <span class='ocrx_word' id='word_1_72' title='bbox 1264 1463 1442 1540; x_wconf 76' lang='lat' dir='ltr'><strong>silvestris</strong></span> <span class='ocrx_word' id='word_1_73' title='bbox 1456 1481 1624 1569; x_wconf 86' lang='lat' dir='ltr'><strong>pesture,</strong></span> <span class='ocrx_word' id='word_1_74' title='bbox 1642 1478 1680 1539; x_wconf 90' lang='lat' dir='ltr'><strong>et</strong></span> 
     </span>
     <span class='ocr_line' id='line_1_9' title="bbox 261 1591 1680 1708; baseline -0.008 -30"><span class='ocrx_word' id='word_1_75' title='bbox 261 1600 546 1708; x_wconf 66' lang='lat' dir='ltr'><strong>exigendumset</strong></span> <span class='ocrx_word' id='word_1_76' title='bbox 567 1595 825 1701; x_wconf 80' lang='lat' dir='ltr'><strong>accipiendum</strong></span> <span class='ocrx_word' id='word_1_77' title='bbox 848 1610 915 1669; x_wconf 90' lang='lat' dir='ltr'><strong>est.</strong></span> <span class='ocrx_word' id='word_1_78' title='bbox 935 1591 1144 1697; x_wconf 77' lang='lat' dir='ltr'><strong>Palustrem</strong></span> <span class='ocrx_word' id='word_1_79' title='bbox 1165 1593 1284 1669; x_wconf 84' lang='lat' dir='ltr'><strong>eciam</strong></span> <span class='ocrx_word' id='word_1_80' title='bbox 1303 1596 1459 1684; x_wconf 79' lang='lat' dir='ltr'><strong>terram,</strong></span> <span class='ocrx_word' id='word_1_81' title='bbox 1481 1622 1555 1699; x_wconf 90' lang='lat' dir='ltr'><strong>que</strong></span> <span class='ocrx_word' id='word_1_82' title='bbox 1578 1594 1680 1668; x_wconf 85' lang='lat' dir='ltr'><strong>inter</strong></span> 
     </span>
     <span class='ocr_line' id='line_1_10' title="bbox 263 1721 1679 1825; baseline -0.008 -19"><span class='ocrx_word' id='word_1_83' title='bbox 263 1729 442 1806; x_wconf 85' lang='lat' dir='ltr'><strong>arabilem</strong></span> <span class='ocrx_word' id='word_1_84' title='bbox 461 1745 599 1804; x_wconf 87' lang='lat' dir='ltr'><strong>terram</strong></span> <span class='ocrx_word' id='word_1_85' title='bbox 622 1725 672 1800; x_wconf 85' lang='lat' dir='ltr'><strong>de</strong></span> <span class='ocrx_word' id='word_1_86' title='bbox 696 1723 810 1799; x_wconf 79' lang='lat' dir='ltr'><strong>Arles</strong></span> <span class='ocrx_word' id='word_1_87' title='bbox 834 1739 871 1798; x_wconf 90' lang='lat' dir='ltr'><strong>et</strong></span> <span class='ocrx_word' id='word_1_88' title='bbox 890 1721 988 1825; x_wconf 83' lang='lat' dir='ltr'><strong>Elst,</strong></span> <span class='ocrx_word' id='word_1_89' title='bbox 1011 1721 1236 1801; x_wconf 75' lang='lat' dir='ltr'><strong>ultra&#39;vetus</strong></span> <span class='ocrx_word' id='word_1_90' title='bbox 1256 1723 1540 1811; x_wconf 71' lang='lat' dir='ltr'><strong>monasterium</strong></span> <span class='ocrx_word' id='word_1_91' title='bbox 1561 1739 1617 1808; x_wconf 88' lang='lat' dir='ltr'><strong>et,</strong></span> <span class='ocrx_word' id='word_1_92' title='bbox 1640 1722 1679 1795; x_wconf 92' lang='lat' dir='ltr'><strong>in</strong></span> 
     </span>
     <span class='ocr_line' id='line_1_11' title="bbox 264 1838 1679 1962; baseline -0.006 -28"><span class='ocrx_word' id='word_1_93' title='bbox 264 1838 425 1945; x_wconf 78' lang='lat' dir='ltr'><strong>oriente,</strong></span> <span class='ocrx_word' id='word_1_94' title='bbox 447 1873 552 1932; x_wconf 88' lang='lat' dir='ltr'><strong>vetus</strong></span> <span class='ocrx_word' id='word_1_95' title='bbox 574 1853 753 1930; x_wconf 81' lang='lat' dir='ltr'><strong>fossatum</strong></span> <span class='ocrx_word' id='word_1_96' title='bbox 772 1853 812 1928; x_wconf 92' lang='lat' dir='ltr'><strong>in</strong></span> <span class='ocrx_word' id='word_1_97' title='bbox 828 1850 935 1941; x_wconf 61' lang='lat' dir='ltr'><strong>silvan</strong></span> <span class='ocrx_word' id='word_1_98' title='bbox 956 1879 998 1927; x_wconf 89' lang='lat' dir='ltr'><strong>ac</strong></span> <span class='ocrx_word' id='word_1_99' title='bbox 1023 1853 1123 1929; x_wconf 90' lang='lat' dir='ltr'><strong>inter</strong></span> <span class='ocrx_word' id='word_1_100' title='bbox 1142 1853 1418 1962; x_wconf 72' lang='lat' dir='ltr'><strong>Hindringeled</strong></span> <span class='ocrx_word' id='word_1_101' title='bbox 1437 1869 1476 1928; x_wconf 89' lang='lat' dir='ltr'><strong>et</strong></span> <span class='ocrx_word' id='word_1_102' title='bbox 1497 1867 1679 1928; x_wconf 83' lang='lat' dir='ltr'><strong>vetustam</strong></span> 
     </span>
     <span class='ocr_line' id='line_1_12' title="bbox 209 1966 1681 2091; baseline -0.006 -27"><span class='ocrx_word' id='word_1_103' title='bbox 209 1966 212 1972; x_wconf 27' lang='grc' dir='ltr'>Ι</span> <span class='ocrx_word' id='word_1_104' title='bbox 264 1989 383 2074; x_wconf 81' lang='lat' dir='ltr'><strong>Mero,</strong></span> <span class='ocrx_word' id='word_1_105' title='bbox 406 2003 544 2091; x_wconf 79' lang='lat' dir='ltr'><strong>atque,</strong></span> <span class='ocrx_word' id='word_1_106' title='bbox 556 1984 595 2059; x_wconf 93' lang='lat' dir='ltr'><strong>in</strong></span> <span class='ocrx_word' id='word_1_107' title='bbox 615 1982 825 2073; x_wconf 86' lang='lat' dir='ltr'><strong>occidente,</strong></span> <span class='ocrx_word' id='word_1_108' title='bbox 844 2000 984 2058; x_wconf 81' lang='lat' dir='ltr'><strong>novum</strong></span> <span class='ocrx_word' id='word_1_109' title='bbox 994 1981 1195 2076; x_wconf 80' lang='lat' dir='ltr'><strong>fossatum,</strong></span> <span class='ocrx_word' id='word_1_110' title='bbox 1218 1984 1430 2090; x_wconf 71' lang='lat' dir='ltr'><strong>interjacet-3</strong></span> <span class='ocrx_word' id='word_1_111' title='bbox 1444 2011 1562 2089; x_wconf 56' lang='lat' dir='ltr'><strong>‘quam</strong></span> <span class='ocrx_word' id='word_1_112' title='bbox 1570 1985 1681 2088; x_wconf 88' lang='lat' dir='ltr'><strong>pater</strong></span> 
     </span>
     <span class='ocr_line' id='line_1_13' title="bbox 264 2111 1682 2204; baseline -0.006 -10"><span class='ocrx_word' id='word_1_113' title='bbox 264 2146 384 2195; x_wconf 85' lang='lat' dir='ltr'><strong>meus:</strong></span> <span class='ocrx_word' id='word_1_114' title='bbox 400 2115 623 2203; x_wconf 88' lang='lat' dir='ltr'><strong>Balduinus,</strong></span> <span class='ocrx_word' id='word_1_115' title='bbox 654 2139 799 2204; x_wconf 85' lang='lat' dir='ltr'><strong>comes,</strong></span> <span class='ocrx_word' id='word_1_116' title='bbox 827 2111 1057 2190; x_wconf 82' lang='lat' dir='ltr'><strong>Gerbotlone</strong></span> <span class='ocrx_word' id='word_1_117' title='bbox 1081 2114 1527 2202; x_wconf 63' lang='lat' dir='ltr'><strong>advocatoseonoedente‚</strong></span> <span class='ocrx_word' id='word_1_118' title='bbox 1554 2128 1682 2189; x_wconf 85' lang='lat' dir='ltr'><strong>sancto</strong></span> 
     </span>
     <span class='ocr_line' id='line_1_14' title="bbox 264 2241 1682 2350; baseline -0.006 -26"><span class='ocrx_word' id='word_1_119' title='bbox 264 2247 437 2335; x_wconf 77' lang='lat' dir='ltr'><strong>bertino,</strong></span> <span class='ocrx_word' id='word_1_120' title='bbox 459 2244 546 2350; x_wconf 90' lang='lat' dir='ltr'><strong>quia</strong></span> <span class='ocrx_word' id='word_1_121' title='bbox 567 2244 602 2320; x_wconf 90' lang='lat' dir='ltr'><strong>ei</strong></span> <span class='ocrx_word' id='word_1_122' title='bbox 621 2244 660 2322; x_wconf 91' lang='lat' dir='ltr'><strong>in</strong></span> <span class='ocrx_word' id='word_1_123' title='bbox 681 2242 1139 2348; x_wconf 70' lang='lat' dir='ltr'><strong>corporerirentitridita</strong></span> <span class='ocrx_word' id='word_1_124' title='bbox 1152 2243 1290 2336; x_wconf 82' lang='lat' dir='ltr'><strong>fiterat,</strong></span> <span class='ocrx_word' id='word_1_125' title='bbox 1312 2245 1470 2321; x_wconf 83' lang='lat' dir='ltr'><strong>liberam</strong></span> <span class='ocrx_word' id='word_1_126' title='bbox 1486 2241 1682 2347; x_wconf 89' lang='lat' dir='ltr'><strong>possiden·-</strong></span> 
     </span>
     <span class='ocr_line' id='line_1_15' title="bbox 267 2370 1683 2478; baseline -0.004 -28"><span class='ocrx_word' id='word_1_127' title='bbox 267 2374 353 2450; x_wconf 90' lang='lat' dir='ltr'><strong>dam</strong></span> <span class='ocrx_word' id='word_1_128' title='bbox 369 2372 611 2451; x_wconf 84' lang='lat' dir='ltr'><strong>confirmavit</strong></span> <span class='ocrx_word' id='word_1_129' title='bbox 624 2372 676 2448; x_wconf 84' lang='lat' dir='ltr'><strong>Ac</strong></span> <span class='ocrx_word' id='word_1_130' title='bbox 693 2371 979 2478; x_wconf 82' lang='lat' dir='ltr'><strong>quitquidinfra</strong></span> <span class='ocrx_word' id='word_1_131' title='bbox 992 2375 1141 2449; x_wconf 79' lang='lat' dir='ltr'><strong>notatos</strong></span> <span class='ocrx_word' id='word_1_132' title='bbox 1156 2372 1337 2451; x_wconf 82' lang='lat' dir='ltr'><strong>terminos</strong></span> <span class='ocrx_word' id='word_1_133' title='bbox 1351 2372 1392 2448; x_wconf 92' lang='lat' dir='ltr'><strong>in</strong></span> <span class='ocrx_word' id='word_1_134' title='bbox 1404 2371 1586 2477; x_wconf 83' lang='lat' dir='ltr'><strong>piscariis,</strong></span> <span class='ocrx_word' id='word_1_135' title='bbox 1608 2370 1683 2446; x_wconf 78' lang='lat' dir='ltr'><strong>siue</strong></span> 
     </span>
     <span class='ocr_line' id='line_1_16' title="bbox 267 2500 1686 2607; baseline -0.001 -30"><span class='ocrx_word' id='word_1_136' title='bbox 267 2505 306 2580; x_wconf 91' lang='lat' dir='ltr'><strong>in</strong></span> <span class='ocrx_word' id='word_1_137' title='bbox 326 2501 511 2581; x_wconf 46' lang='lat' dir='ltr'><strong>alliorum&gt;</strong></span> <span class='ocrx_word' id='word_1_138' title='bbox 524 2502 650 2594; x_wconf 84' lang='lat' dir='ltr'><strong>terris,</strong></span> <span class='ocrx_word' id='word_1_139' title='bbox 677 2502 716 2576; x_wconf 92' lang='lat' dir='ltr'><strong>in</strong></span> <span class='ocrx_word' id='word_1_140' title='bbox 736 2502 900 2607; x_wconf 79' lang='lat' dir='ltr'><strong>presenti</strong></span> <span class='ocrx_word' id='word_1_141' title='bbox 920 2501 1092 2579; x_wconf 76' lang='lat' dir='ltr'><strong>utilitatis</strong></span> <span class='ocrx_word' id='word_1_142' title='bbox 1113 2518 1170 2580; x_wconf 88' lang='lat' dir='ltr'><strong>est</strong></span> <span class='ocrx_word' id='word_1_143' title='bbox 1188 2530 1257 2579; x_wconf 86' lang='lat' dir='ltr'><strong>seu</strong></span> <span class='ocrx_word' id='word_1_144' title='bbox 1280 2501 1323 2578; x_wconf 89' lang='lat' dir='ltr'><strong>in</strong></span> <span class='ocrx_word' id='word_1_145' title='bbox 1340 2500 1588 2592; x_wconf 85' lang='lat' dir='ltr'><strong>lirturum‚in</strong></span> <span class='ocrx_word' id='word_1_146' title='bbox 1608 2527 1686 2604; x_wconf 85' lang='lat' dir='ltr'><strong>pra·</strong></span> 
     </span>
     <span class='ocr_line' id='line_1_17' title="bbox 266 2629 1687 2739; baseline -0.005 -28"><span class='ocrx_word' id='word_1_147' title='bbox 266 2634 314 2711; x_wconf 85' lang='lat' dir='ltr'><strong>tis</strong></span> <span class='ocrx_word' id='word_1_148' title='bbox 330 2650 367 2710; x_wconf 92' lang='lat' dir='ltr'><strong>et</strong></span> <span class='ocrx_word' id='word_1_149' title='bbox 383 2633 547 2738; x_wconf 81' lang='lat' dir='ltr'><strong>pascuis,</strong></span> <span class='ocrx_word' id='word_1_150' title='bbox 568 2632 626 2709; x_wconf 89' lang='lat' dir='ltr'><strong>vel</strong></span> <span class='ocrx_word' id='word_1_151' title='bbox 641 2630 813 2737; x_wconf 90' lang='lat' dir='ltr'><strong>quolibet</strong></span> <span class='ocrx_word' id='word_1_152' title='bbox 831 2633 946 2708; x_wconf 87' lang='lat' dir='ltr'><strong>modo</strong></span> <span class='ocrx_word' id='word_1_153' title='bbox 967 2633 1182 2723; x_wconf 83' lang='lat' dir='ltr'><strong>accreverit,</strong></span> <span class='ocrx_word' id='word_1_154' title='bbox 1203 2629 1687 2739; x_wconf 75' lang='lat' dir='ltr'><strong>propriisecolesieusibus</strong></span> 
     </span>
     <span class='ocr_line' id='line_1_18' title="bbox 267 2758 1687 2868; baseline -0.004 -29"><span class='ocrx_word' id='word_1_155' title='bbox 267 2759 529 2868; x_wconf 81' lang='lat' dir='ltr'><strong>profuturum,</strong></span> <span class='ocrx_word' id='word_1_156' title='bbox 557 2758 802 2850; x_wconf 77' lang='lat' dir='ltr'><strong>reconfirm03</strong></span> <span class='ocrx_word' id='word_1_157' title='bbox 828 2763 880 2839; x_wconf 87' lang='lat' dir='ltr'><strong>ita</strong></span> <span class='ocrx_word' id='word_1_158' title='bbox 905 2779 1065 2838; x_wconf 83' lang='lat' dir='ltr'><strong>saneut</strong></span> <span class='ocrx_word' id='word_1_159' title='bbox 1083 2762 1186 2838; x_wconf 90' lang='lat' dir='ltr'><strong>nulli</strong></span> <span class='ocrx_word' id='word_1_160' title='bbox 1199 2761 1531 2840; x_wconf 84' lang='lat' dir='ltr'><strong>bominum-liceat</strong></span> <span class='ocrx_word' id='word_1_161' title='bbox 1552 2760 1687 2836; x_wconf 82' lang='lat' dir='ltr'><strong>exinde</strong></span> 
     </span>
     <span class='ocr_line' id='line_1_19' title="bbox 269 2889 1689 2998; baseline -0.004 -29"><span class='ocrx_word' id='word_1_162' title='bbox 269 2889 340 2969; x_wconf 88' lang='lat' dir='ltr'><strong>sibi</strong></span> <span class='ocrx_word' id='word_1_163' title='bbox 356 2892 552 2996; x_wconf 87' lang='lat' dir='ltr'><strong>quitquam</strong></span> <span class='ocrx_word' id='word_1_164' title='bbox 565 2890 663 2995; x_wconf 85' lang='lat' dir='ltr'><strong>juris</strong></span> <span class='ocrx_word' id='word_1_165' title='bbox 678 2890 882 2982; x_wconf 78' lang='lat' dir='ltr'><strong>vindicare,</strong></span> <span class='ocrx_word' id='word_1_166' title='bbox 899 2892 1104 2998; x_wconf 72' lang='lat' dir='ltr'><strong>nisiquodl</strong></span> <span class='ocrx_word' id='word_1_167' title='bbox 1110 2919 1178 2996; x_wconf 90' lang='lat' dir='ltr'><strong>per</strong></span> <span class='ocrx_word' id='word_1_168' title='bbox 1196 2889 1611 2977; x_wconf 75' lang='lat' dir='ltr'><strong>abbatis&#39;ioluntetem,</strong></span> <span class='ocrx_word' id='word_1_169' title='bbox 1629 2918 1689 2965; x_wconf 86' lang='lat' dir='ltr'><strong>ca·</strong></span> 
     </span>
     <span class='ocr_line' id='line_1_20' title="bbox 273 3017 1688 3126; baseline 0.001 -34"><span class='ocrx_word' id='word_1_170' title='bbox 273 3017 394 3123; x_wconf 89' lang='lat' dir='ltr'><strong>pitulo</strong></span> <span class='ocrx_word' id='word_1_171' title='bbox 404 3017 836 3125; x_wconf 86' lang='lat' dir='ltr'><strong>concedente,legittime</strong></span> <span class='ocrx_word' id='word_1_172' title='bbox 848 3021 1066 3099; x_wconf 82' lang='lat' dir='ltr'><strong>obtinuerit.</strong></span> <span class='ocrx_word' id='word_1_173' title='bbox 1080 3021 1233 3098; x_wconf 85' lang='lat' dir='ltr'><strong>Decima</strong></span> <span class='ocrx_word' id='word_1_174' title='bbox 1245 3022 1395 3126; x_wconf 82' lang='lat' dir='ltr'><strong>quoque</strong></span> <span class='ocrx_word' id='word_1_175' title='bbox 1409 3018 1633 3095; x_wconf 88' lang='lat' dir='ltr'><strong>reddituum</strong></span> <span class='ocrx_word' id='word_1_176' title='bbox 1640 3018 1688 3094; x_wconf 83' lang='lat' dir='ltr'><strong>de</strong></span> 
     </span>
     <span class='ocr_line' id='line_1_21' title="bbox 274 3146 1688 3256; baseline 0 -33"><span class='ocrx_word' id='word_1_177' title='bbox 274 3147 483 3252; x_wconf 86' lang='lat' dir='ltr'><strong>berquariis</strong></span> <span class='ocrx_word' id='word_1_178' title='bbox 504 3160 541 3223; x_wconf 89' lang='lat' dir='ltr'><strong>et</strong></span> <span class='ocrx_word' id='word_1_179' title='bbox 560 3147 747 3237; x_wconf 87' lang='lat' dir='ltr'><strong>vaccariis,</strong></span> <span class='ocrx_word' id='word_1_180' title='bbox 769 3165 807 3223; x_wconf 92' lang='lat' dir='ltr'><strong>et</strong></span> <span class='ocrx_word' id='word_1_181' title='bbox 827 3151 873 3225; x_wconf 90' lang='lat' dir='ltr'><strong>de</strong></span> <span class='ocrx_word' id='word_1_182' title='bbox 895 3179 988 3232; x_wconf 87' lang='lat' dir='ltr'><strong>nova</strong></span> <span class='ocrx_word' id='word_1_183' title='bbox 1007 3167 1121 3242; x_wconf 88' lang='lat' dir='ltr'><strong>terra,</strong></span> <span class='ocrx_word' id='word_1_184' title='bbox 1138 3151 1179 3225; x_wconf 94' lang='lat' dir='ltr'><strong>in</strong></span> <span class='ocrx_word' id='word_1_185' title='bbox 1197 3148 1449 3256; x_wconf 86' lang='lat' dir='ltr'><strong>Broburgensi</strong></span> <span class='ocrx_word' id='word_1_186' title='bbox 1467 3146 1688 3239; x_wconf 88' lang='lat' dir='ltr'><strong>castellaria,</strong></span> 
     </span>
     <span class='ocr_line' id='line_1_22' title="bbox 273 3276 1690 3384; baseline 0 -31"><span class='ocrx_word' id='word_1_187' title='bbox 273 3306 385 3384; x_wconf 92' lang='lat' dir='ltr'><strong>quam</strong></span> <span class='ocrx_word' id='word_1_188' title='bbox 400 3294 504 3383; x_wconf 84' lang='lat' dir='ltr'><strong>pater</strong></span> <span class='ocrx_word' id='word_1_189' title='bbox 514 3306 620 3353; x_wconf 92' lang='lat' dir='ltr'><strong>meus</strong></span> <span class='ocrx_word' id='word_1_190' title='bbox 635 3276 788 3353; x_wconf 87' lang='lat' dir='ltr'><strong>ecclesie</strong></span> <span class='ocrx_word' id='word_1_191' title='bbox 800 3281 997 3369; x_wconf 63' lang='lat' dir='ltr'><strong>concessit,</strong></span> <span class='ocrx_word' id='word_1_192' title='bbox 1009 3280 1193 3369; x_wconf 86' lang='lat' dir='ltr'><strong>concedo;</strong></span> <span class='ocrx_word' id='word_1_193' title='bbox 1208 3297 1246 3356; x_wconf 88' lang='lat' dir='ltr'><strong>et</strong></span> <span class='ocrx_word' id='word_1_194' title='bbox 1259 3296 1462 3384; x_wconf 88' lang='lat' dir='ltr'><strong>ceteraque</strong></span> <span class='ocrx_word' id='word_1_195' title='bbox 1471 3305 1541 3382; x_wconf 91' lang='lat' dir='ltr'><strong>per</strong></span> <span class='ocrx_word' id='word_1_196' title='bbox 1552 3293 1690 3353; x_wconf 86' lang='lat' dir='ltr'><strong>cartam</strong></span> 
     </span>
     <span class='ocr_line' id='line_1_23' title="bbox 274 3406 1692 3521; baseline -0.001 -37"><span class='ocrx_word' id='word_1_197' title='bbox 274 3406 526 3499; x_wconf 87' lang='lat' dir='ltr'><strong>confirmavit,</strong></span> <span class='ocrx_word' id='word_1_198' title='bbox 540 3437 625 3519; x_wconf 87' lang='lat' dir='ltr'><strong>cum</strong></span> <span class='ocrx_word' id='word_1_199' title='bbox 641 3408 703 3483; x_wconf 88' lang='lat' dir='ltr'><strong>hic</strong></span> <span class='ocrx_word' id='word_1_200' title='bbox 714 3410 942 3514; x_wconf 82' lang='lat' dir='ltr'><strong>prescriptis,</strong></span> <span class='ocrx_word' id='word_1_201' title='bbox 960 3409 1071 3518; x_wconf 88' lang='lat' dir='ltr'><strong>sigilli</strong></span> <span class='ocrx_word' id='word_1_202' title='bbox 1086 3410 1161 3521; x_wconf 81' lang='lat' dir='ltr'><strong>mei</strong></span> <span class='ocrx_word' id='word_1_203' title='bbox 1178 3407 1441 3514; x_wconf 83' lang='lat' dir='ltr'><strong>impressione,</strong></span> <span class='ocrx_word' id='word_1_204' title='bbox 1458 3423 1501 3483; x_wconf 91' lang='lat' dir='ltr'><strong>ut</strong></span> <span class='ocrx_word' id='word_1_205' title='bbox 1515 3424 1593 3482; x_wconf 82' lang='lat' dir='ltr'><strong>rata</strong></span> <span class='ocrx_word' id='word_1_206' title='bbox 1608 3434 1692 3511; x_wconf 87' lang='lat' dir='ltr'><strong>per-</strong></span> 
     </span>
     <span class='ocr_line' id='line_1_24' title="bbox 273 3517 1691 3645; baseline -0.001 -33"><span class='ocrx_word' id='word_1_207' title='bbox 273 3517 463 3623; x_wconf 66' lang='lat' dir='ltr'><strong>maneani,</strong></span> <span class='ocrx_word' id='word_1_208' title='bbox 476 3565 613 3614; x_wconf 87' lang='lat' dir='ltr'><strong>annuo.</strong></span> <span class='ocrx_word' id='word_1_209' title='bbox 625 3530 862 3645; x_wconf 83' lang='lat' dir='ltr'><strong>Quicumque</strong></span> <span class='ocrx_word' id='word_1_210' title='bbox 873 3561 975 3627; x_wconf 84' lang='lat' dir='ltr'><strong>vero,</strong></span> <span class='ocrx_word' id='word_1_211' title='bbox 987 3520 1167 3633; x_wconf 82' lang='lat' dir='ltr'><strong>suadente</strong></span> <span class='ocrx_word' id='word_1_212' title='bbox 1179 3522 1350 3634; x_wconf 78' lang='lat' dir='ltr'><strong>diabolo,</strong></span> <span class='ocrx_word' id='word_1_213' title='bbox 1364 3522 1504 3615; x_wconf 85' lang='lat' dir='ltr'><strong>horum</strong></span> <span class='ocrx_word' id='word_1_214' title='bbox 1519 3537 1691 3612; x_wconf 91' lang='lat' dir='ltr'><strong>omnium</strong></span> 
     </span>
     <span class='ocr_line' id='line_1_25' title="bbox 274 3655 1693 3773; baseline -0.001 -31"><span class='ocrx_word' id='word_1_215' title='bbox 274 3667 597 3743; x_wconf 83' lang='lat' dir='ltr'><strong>confirmationem</strong></span> <span class='ocrx_word' id='word_1_216' title='bbox 610 3655 745 3742; x_wconf 84' lang='lat' dir='ltr'><strong>futuris</strong></span> <span class='ocrx_word' id='word_1_217' title='bbox 757 3668 990 3772; x_wconf 88' lang='lat' dir='ltr'><strong>temporibus</strong></span> <span class='ocrx_word' id='word_1_218' title='bbox 1000 3669 1039 3744; x_wconf 91' lang='lat' dir='ltr'><strong>in</strong></span> <span class='ocrx_word' id='word_1_219' title='bbox 1049 3668 1175 3773; x_wconf 87' lang='lat' dir='ltr'><strong>aliquo</strong></span> <span class='ocrx_word' id='word_1_220' title='bbox 1189 3666 1326 3743; x_wconf 89' lang='lat' dir='ltr'><strong>violare</strong></span> <span class='ocrx_word' id='word_1_221' title='bbox 1340 3666 1626 3772; x_wconf 88' lang='lat' dir='ltr'><strong>presumpserit,</strong></span> <span class='ocrx_word' id='word_1_222' title='bbox 1639 3693 1693 3740; x_wconf 82' lang='lat' dir='ltr'><strong>ac·</strong></span> 
     </span>
     <span class='ocr_line' id='line_1_26' title="bbox 177 3793 1694 3904; baseline 0 -34"><span class='ocrx_word' id='word_1_223' title='bbox 177 3890 202 3904; x_wconf 26' lang='grc'><strong>.-</strong></span> <span class='ocrx_word' id='word_1_224' title='bbox 276 3812 425 3873; x_wconf 90' lang='lat' dir='ltr'><strong>cusante</strong></span> <span class='ocrx_word' id='word_1_225' title='bbox 436 3823 495 3887; x_wconf 85' lang='lat' dir='ltr'><strong>so,</strong></span> <span class='ocrx_word' id='word_1_226' title='bbox 511 3793 707 3899; x_wconf 82' lang='lat' dir='ltr'><strong>iniquitute</strong></span> <span class='ocrx_word' id='word_1_227' title='bbox 720 3823 787 3872; x_wconf 80' lang='lat' dir='ltr'><strong>sue</strong></span> <span class='ocrx_word' id='word_1_228' title='bbox 800 3796 1004 3896; x_wconf 64' lang='lat' dir='ltr'><strong>convictis,</strong></span> <span class='ocrx_word' id='word_1_229' title='bbox 1018 3794 1318 3903; x_wconf 75' lang='lat' dir='ltr'><strong>quinquelibres-</strong></span> <span class='ocrx_word' id='word_1_230' title='bbox 1328 3797 1408 3871; x_wconf 85' lang='lat' dir='ltr'><strong>euri</strong></span> <span class='ocrx_word' id='word_1_231' title='bbox 1420 3795 1580 3900; x_wconf 81' lang='lat' dir='ltr'><strong>principi</strong></span> <span class='ocrx_word' id='word_1_232' title='bbox 1591 3809 1694 3872; x_wconf 80' lang='lat' dir='ltr'><strong>terre</strong></span> 
     </span>
     <span class='ocr_line' id='line_1_27' title="bbox 277 3910 1697 4032; baseline -0.001 -30"><span class='ocrx_word' id='word_1_233' title='bbox 277 3923 485 4029; x_wconf 69' lang='lat' dir='ltr'><strong>persoluere</strong></span> <span class='ocrx_word' id='word_1_234' title='bbox 499 3924 877 4032; x_wconf 84' lang='lat' dir='ltr'><strong>cogatur,.etirritum</strong></span> <span class='ocrx_word' id='word_1_235' title='bbox 889 3925 954 4005; x_wconf 84' lang='lat' dir='ltr'><strong>liat</strong></span> <span class='ocrx_word' id='word_1_236' title='bbox 968 3927 1075 4031; x_wconf 85' lang='lat' dir='ltr'><strong>quod</strong></span> <span class='ocrx_word' id='word_1_237' title='bbox 1085 3910 1472 4031; x_wconf 82' lang='lat' dir='ltr'><strong>iniquepresumpsit.</strong></span> <span class='ocrx_word' id='word_1_238' title='bbox 1488 3929 1697 4002; x_wconf 77' lang='lat' dir='ltr'><strong>Actumest</strong></span> 
     </span>
     <span class='ocr_line' id='line_1_28' title="bbox 278 4054 1697 4165; baseline -0.001 -31"><span class='ocrx_word' id='word_1_239' title='bbox 278 4056 350 4155; x_wconf 84' lang='lat' dir='ltr'><strong>boc</strong></span> <span class='ocrx_word' id='word_1_240' title='bbox 362 4083 464 4151; x_wconf 67' lang='lat' dir='ltr'><strong>enno</strong></span> <span class='ocrx_word' id='word_1_241' title='bbox 486 4056 751 4159; x_wconf 66' lang='lat' dir='ltr'><strong>incarnationis</strong></span> <span class='ocrx_word' id='word_1_242' title='bbox 764 4057 930 4141; x_wconf 79' lang='lat' dir='ltr'><strong>,Domini-</strong></span> <span class='ocrx_word' id='word_1_243' title='bbox 942 4056 1145 4134; x_wconf 85' lang='lat' dir='ltr'><strong>millesimo</strong></span> <span class='ocrx_word' id='word_1_244' title='bbox 1155 4056 1405 4165; x_wconf 85' lang='lat' dir='ltr'><strong>nonagesimo</strong></span> <span class='ocrx_word' id='word_1_245' title='bbox 1425 4056 1559 4146; x_wconf 81' lang='lat' dir='ltr'><strong>tercio,</strong></span> <span class='ocrx_word' id='word_1_246' title='bbox 1576 4054 1697 4132; x_wconf 68' lang='lat' dir='ltr'><strong>inbic</strong></span> 
     </span>
     <span class='ocr_line' id='line_1_29' title="bbox 277 4184 1696 4293; baseline 0.001 -32"><span class='ocrx_word' id='word_1_247' title='bbox 277 4185 379 4281; x_wconf 90' lang='lat' dir='ltr'><strong>tione</strong></span> <span class='ocrx_word' id='word_1_248' title='bbox 388 4184 524 4289; x_wconf 73' lang='lat' dir='ltr'><strong>prima,</strong></span> <span class='ocrx_word' id='word_1_249' title='bbox 542 4185 582 4263; x_wconf 90' lang='lat' dir='ltr'><strong>in</strong></span> <span class='ocrx_word' id='word_1_250' title='bbox 595 4186 952 4292; x_wconf 71' lang='lat' dir='ltr'><strong>presentia-predicti</strong></span> <span class='ocrx_word' id='word_1_251' title='bbox 963 4187 1111 4264; x_wconf 86' lang='lat' dir='ltr'><strong>comitis</strong></span> <span class='ocrx_word' id='word_1_252' title='bbox 1125 4187 1278 4293; x_wconf 82' lang='lat' dir='ltr'><strong>prerti</strong></span> <span class='ocrx_word' id='word_1_253' title='bbox 1295 4203 1333 4263; x_wconf 89' lang='lat' dir='ltr'><strong>et</strong></span> <span class='ocrx_word' id='word_1_254' title='bbox 1343 4185 1414 4263; x_wconf 87' lang='lat' dir='ltr'><strong>filii</strong></span> <span class='ocrx_word' id='word_1_255' title='bbox 1427 4186 1508 4293; x_wconf 79' lang='lat' dir='ltr'><strong>ejus</strong></span> <span class='ocrx_word' id='word_1_256' title='bbox 1524 4185 1696 4275; x_wconf 81' lang='lat' dir='ltr'><strong>Robetti,</strong></span> 
     </span>
     <span class='ocr_line' id='line_1_30' title="bbox 280 4314 1610 4425; baseline 0.004 -40"><span class='ocrx_word' id='word_1_257' title='bbox 280 4327 533 4416; x_wconf 75' lang='lat' dir='ltr'><strong>et,pr0oeruut</strong></span> <span class='ocrx_word' id='word_1_258' title='bbox 551 4334 838 4422; x_wconf 55' lang='lat' dir='ltr'><strong>suorumnquos</strong></span> <span class='ocrx_word' id='word_1_259' title='bbox 858 4315 1444 4425; x_wconf 58' lang='lat' dir='ltr'><strong>ubsstestitnoniumssbicennotari</strong></span> <span class='ocrx_word' id='word_1_260' title='bbox 1459 4314 1610 4421; x_wconf 88' lang='lat' dir='ltr'><strong>placuit.</strong></span> 
     </span>
    </p>
   </div>
   <div class='ocr_carea' id='block_1_3' title="bbox 287 4455 1698 4802">
    <p class='ocr_par' dir='ltr' id='par_1_3' title="bbox 287 4455 1698 4802">
     <span class='ocr_line' id='line_1_31' title="bbox 372 4455 1696 4607; baseline -0.001 -36"><span class='ocrx_word' id='word_1_261' title='bbox 372 4501 374 4505; x_wconf 32' lang='lat'><strong>¹</strong></span> <span class='ocrx_word' id='word_1_262' title='bbox 414 4507 417 4522; x_wconf 74' lang='lat'><em>¹</em></span> <span class='ocrx_word' id='word_1_263' title='bbox 448 4502 593 4600; x_wconf 58' lang='lat' dir='ltr'><strong>«Signum</strong></span> <span class='ocrx_word' id='word_1_264' title='bbox 607 4506 739 4571; x_wconf 81' lang='lat' dir='ltr'><strong>Rosssrr</strong></span> <span class='ocrx_word' id='word_1_265' title='bbox 749 4498 761 4580; x_wconf 80' lang='lat'><strong>.&#39;</strong></span> <span class='ocrx_word' id='word_1_266' title='bbox 772 4455 1068 4607; x_wconf 61' lang='lat' dir='ltr'><strong>coinitii‘‚¹i1ui&#39;bipc</strong></span> <span class='ocrx_word' id='word_1_267' title='bbox 1080 4486 1305 4576; x_wconf 74' lang='lat' dir='ltr'><strong>iartsmscnbr</strong></span> <span class='ocrx_word' id='word_1_268' title='bbox 1318 4502 1399 4576; x_wconf 57' lang='lat' dir='ltr'><strong>tecit?</strong></span> <span class='ocrx_word' id='word_1_269' title='bbox 1409 4478 1535 4597; x_wconf 80' lang='lat' dir='ltr'><strong>Signum</strong></span> <span class='ocrx_word' id='word_1_270' title='bbox 1552 4507 1696 4579; x_wconf 79' lang='lat' dir='ltr'><strong>Rosmrr,</strong></span> 
     </span>
     <span class='ocr_line' id='line_1_32' title="bbox 287 4608 1698 4698; baseline 0 -25"><span class='ocrx_word' id='word_1_271' title='bbox 287 4621 308 4667; x_wconf 61' lang='grc' dir='ltr'><strong>,Ξ</strong></span> <span class='ocrx_word' id='word_1_272' title='bbox 371 4640 375 4648; x_wconf 93' lang='grc'><strong><em>·</em></strong></span> <span class='ocrx_word' id='word_1_273' title='bbox 409 4654 413 4663; x_wconf 55' lang='grc'><strong><em>,</em></strong></span> <span class='ocrx_word' id='word_1_274' title='bbox 487 4611 644 4691; x_wconf 84' lang='lat' dir='ltr'><strong>=·junioris.·</strong></span> <span class='ocrx_word' id='word_1_275' title='bbox 660 4609 788 4693; x_wconf 77' lang='lat' dir='ltr'><strong>Signum</strong></span> <span class='ocrx_word' id='word_1_276' title='bbox 801 4615 948 4685; x_wconf 66' lang='lat' dir='ltr'><strong>Rotsart‘,</strong></span> <span class='ocrx_word' id='word_1_277' title='bbox 963 4613 1103 4678; x_wconf 63' lang='lat' dir='ltr'><strong>mestit:</strong></span> <span class='ocrx_word' id='word_1_278' title='bbox 1117 4612 1242 4697; x_wconf 77' lang='lat' dir='ltr'><strong>Signum</strong></span> <span class='ocrx_word' id='word_1_279' title='bbox 1256 4608 1532 4698; x_wconf 46' lang='lat' dir='ltr'><strong>Coiosrsi&#39;signum</strong></span> <span class='ocrx_word' id='word_1_280' title='bbox 1545 4613 1698 4682; x_wconf 74' lang='lat' dir='ltr'><strong>Romam,</strong></span> 
     </span>
     <span class='ocr_line' id='line_1_33' title="bbox 439 4706 1650 4802; baseline -0.002 -24"><span class='ocrx_word' id='word_1_281' title='bbox 439 4761 441 4766; x_wconf 68' lang='lat'><strong>,</strong></span> <span class='ocrx_word' id='word_1_282' title='bbox 512 4711 668 4802; x_wconf 59' lang='lat' dir='ltr'><strong>curtalini.</strong></span> <span class='ocrx_word' id='word_1_283' title='bbox 681 4712 809 4795; x_wconf 76' lang='lat' dir='ltr'><strong>Signum</strong></span> <span class='ocrx_word' id='word_1_284' title='bbox 820 4717 1005 4783; x_wconf 72' lang='lat' dir='ltr'><strong>Taunum</strong></span> <span class='ocrx_word' id='word_1_285' title='bbox 1018 4717 1167 4799; x_wconf 73' lang='lat' dir='ltr'><strong>tetpm.</strong></span> <span class='ocrx_word' id='word_1_286' title='bbox 1183 4715 1309 4799; x_wconf 76' lang='lat' dir='ltr'><strong>Signum</strong></span> <span class='ocrx_word' id='word_1_287' title='bbox 1320 4706 1650 4799; x_wconf 70' lang='lat' dir='ltr'><strong>·llautosnt,·.dtpileri.‘·</strong></span> 
     </span>
    </p>
   </div>
   <div class='ocr_carea' id='block_1_4' title="bbox 328 4848 850 4954">
    <p class='ocr_par' dir='ltr' id='par_1_4' title="bbox 328 4848 850 4954">
     <span class='ocr_line' id='line_1_34' title="bbox 328 4848 850 4954; baseline 0.002 -40"><span class='ocrx_word' id='word_1_288' title='bbox 328 4848 551 4954; x_wconf 63' lang='grc' dir='ltr'><strong>’βαρρῌϋσνα</strong></span> <span class='ocrx_word' id='word_1_289' title='bbox 565 4852 611 4919; x_wconf 80' lang='lat' dir='ltr'><strong>rel</strong></span> <span class='ocrx_word' id='word_1_290' title='bbox 624 4854 756 4916; x_wconf 69' lang='lat' dir='ltr'><strong>imae.</strong></span> <span class='ocrx_word' id='word_1_291' title='bbox 847 4880 850 4904; x_wconf 74' lang='grc' dir='ltr'><em>ι</em></span> 
     </span>
    </p>
   </div>
   <div class='ocr_carea' id='block_1_5' title="bbox 0 0 2233 5844">
    <p class='ocr_par' dir='ltr' id='par_1_5' title="bbox 0 0 2233 5844">
     <span class='ocr_line' id='line_1_35' title="bbox 0 0 2233 5844; baseline 0 0"><span class='ocrx_word' id='word_1_292' title='bbox 0 0 2233 5844; x_wconf 95' lang='lat' dir='ltr'><strong> </strong></span> 
     </span>
    </p>
   </div>
  </div>
 </body>
</html>
