4478 5842
548 448 1440 575 runssmumna-muovnrnnri
1635 508 1705 576 an

290 643 515 721 meraccnsis
535 661 573 720 et
592 643 880 728 Attrebatensis,
898 669 1019 749 usque
1041 644 1086 718 ad
1107 642 1149 717 id
1166 643 1364 748 temporis,
1389 673 1466 722 uno
1487 647 1713 753 regebantur

287 774 486 880 pontifice3
508 775 591 865 sed,
615 792 770 881 propter
789 773 989 850 discidium
1012 772 1116 879 qnod
1136 790 1227 849 tunc
1242 791 1321 850 erat
1340 774 1439 852 inter
1462 777 1710 883 apostolicum

288 904 540 982 sacerdotium
563 922 600 982 et
620 905 1040 1010 orientale’imperium,
1064 904 1111 979 ad
1138 904 1425 981 diminuendam
1445 907 1637 984 orientalis
1652 939 1712 985 re-

287 1037 343 1143 gis
364 1036 602 1144 dignitatem,
625 1036 672 1113 ab
693 1035 897 1142 apostolico
917 1033 1067 1111 Urbano
1087 1034 1133 1109 lI⁰
1153 1033 1255 1139 plebi
1274 1034 1542 1127 Attrebatensi,
1561 1040 1712 1118 indulto

289 1166 499 1275 privilegio,
522 1167 784 1244 confirmatum
806 1183 862 1243 est
883 1166 937 1242 uti
957 1165 1136 1271 pontifice
1156 1166 1327 1270 propri03
1353 1166 1423 1243 sub
1440 1198 1534 1274 quo,
1556 1171 1596 1245 in
1613 1171 1711 1250 beati

287 1297 439 1376 Vedasti
455 1296 621 1387 ecclesia,
639 1297 948 1373 interHenricum
964 1293 1160 1386 abbatem,
1178 1312 1302 1373 sancte
1318 1297 1564 1404 simplicitatis
1577 1302 1710 1393 virum,

289 1456 451 1534 suosque
477 1456 655 1505 monacos
681 1427 862 1505 efferbuit
893 1427 1096 1514 discordia,
1119 1455 1193 1532 que
1212 1429 1481 1533 compescenda
1509 1429 1579 1507 luit
1605 1431 1714 1509 disci·

287 1558 423 1664 plinari
450 1558 580 1636 ferula.

895 1706 1127 1815 cxxvi*

344 1934 547 2014 Consuluit
574 1936 688 2013 abbas
714 1936 897 2030 Henricus
923 1953 1067 2041 patrem
1095 1935 1350 2012 Lambertum.
1380 1935 1503 2013 Ambo
1535 1940 1712 2016 comitem

290 2065 496 2144 Robertum
518 2068 747 2144 conveniunt
761 2066 800 2141 in
815 2093 955 2156 unum,
971 2080 1015 2141 ut
1027 2064 1234 2142 Sithienses
1249 2066 1448 2141 mittantur
1459 2066 1710 2147 Attrebatum.

289 2194 347 2271 Ad
363 2225 527 2302 quorum
544 2198 746 2274 adveutum
763 2196 957 2300 trepidant
969 2194 1263 2284 Attrebatenses,
1282 2194 1503 2303 finguntque
1518 2198 1590 2272 sibi
1607 2174 1711 2275 mille

292 2326 445 2405 timores
464 2328 531 2404 ubi
551 2357 628 2406 non
647 2328 719 2405 luit
739 2327 866 2416 timor,
892 2322 1110 2431 ceduntque
1130 2325 1367 2402 venientibus
1386 2326 1425 2401 in
1446 2326 1548 2402 brevi
1571 2330 1619 2405 ad
1634 2359 1713 2406 me-

290 2455 362 2534 lius
387 2459 596 2536 revocandi.
633 2459 704 2537 Die
731 2459 857 2564 itaque
886 2457 984 2533 inter
1010 2484 1049 2533 se
1080 2455 1299 2548 constituta,
1329 2475 1456 2533 assunt
1483 2458 1521 2532 in
1551 2459 1713 2564 capitulo

291 2589 477 2665 monachi.
497 2590 630 2666 Presul
649 2619 735 2666 cum
756 2607 861 2696 patre
880 2588 1102 2678 Lamberto,
1128 2589 1329 2665 comitante
1353 2589 1599 2666 Sithiensium
1623 2593 1712 2670 llore

291 2717 430 2808 electo,
454 2720 683 2825 silentioque
703 2719 887 2825 premisso
908 2750 915 2793 :
937 2717 1097 2807 «Vobis,
1117 2718 1240 2824 inquit
1259 2719 1469 2825 episcopus,
1488 2720 1657 2800 osratres
1677 2744 1715 2800 et

292 2849 510 2938 :monachi,
529 2849 581 2935 ad¹
597 2849 923 2955 exprobrationem
946 2846 1109 2925 cecitatis
1133 2848 1279 2925 interne
1300 2849 1467 2937 Balaam,
1487 2854 1610 2928 vesani
1629 2882 1714 2960 pro-
1803 2895 1805 2899 ¹

291 2979 448 3083 «pheta,
466 2980 621 3056 brutum
634 2979 930 3087 ¹proponendum
950 2993 1006 3055 est
1021 2976 1228 3086 subjugale.
1244 2979 1374 3072 Quod,
1393 2979 1485 3055 mira
1502 2981 1573 3058 Dei
1587 3002 1714 3087 poten·

291 3146 303 3175 ι
316 3109 384 3200 tia,
403 3138 468 3186 ore
483 3110 622 3186 diserto
638 3109 678 3186 in
696 3108 888 3187 articulata
902 3107 1013 3185 verba
1027 3107 1185 3213 dirupit,
1208 3108 1387 3215 priusque
1401 3139 1516 3217 quam
1530 3115 1712 3219 propbeta

291 3238 508 3348 uangelum,
531 3240 787 3318 adversantem
806 3269 890 3317 cum
911 3238 1054 3347 gladio,
1083 3238 1123 3314 in
1142 3239 1200 3314 via
1225 3257 1401 3329 stantem,
1429 3244 1606 3348 previdit,
1636 3250 1711 3337 cui,

290 3398 401 3446 «cum
426 3389 639 3449 reverenter
666 3371 767 3446 asina
799 3370 925 3460 cessit,
947 3368 1102 3483 angelus
1125 3370 1331 3474 presidenti
1358 3372 1545 3475 'prophete
1571 3377 1714 3452 miseri·

289 3504 481 3596 «corditer
506 3506 683 3615 pepercit.
707 3504 783 3583 Vos
800 3504 926 3609 itaque
954 3529 1033 3578 non
1058 3500 1249 3577 immerito
1271 3502 1510 3606 comparandi
1531 3505 1617 3580 estis
1636 3533 1713 3619 non

289 3624 456 3710 «videbti
482 3634 627 3726 divina3
649 3633 752 3710 asine
778 3659 864 3709 vero
890 3658 1015 3707 comes
1038 3630 1173 3720 laicus,
1196 3628 1279 3736 qui,
1302 3658 1387 3706 cum
1405 3647 1463 3707 tot
1483 3633 1662 3712 sustineat
1677 3654 1714 3712 et

290 3782 418 3839 «tanta
437 3765 603 3870 negotia,
625 3763 728 3840 solus
748 3763 912 3840 litteram
936 3789 1012 3837 non
1039 3759 1149 3868 legit,
1174 3760 1260 3852 sed,
1283 3789 1351 3867 per
1372 3762 1442 3839 Dei
1461 3763 1638 3870 gratiam,
1662 3765 1713 3841 in·

290 3893 518 3970 «terioribus
543 3893 750 3970 luminibus
780 3892 937 3999 apertis,
963 3919 1037 3998 que
1063 3909 1182 3968 vestre
1210 3909 1299 3969 sunt
1320 3891 1430 3969 saluti
1449 3896 1618 3999 prolicua
1637 3895 1712 3974 sol-

290 4023 416 4099 «licite
437 4026 611 4113 attendit,
632 4050 788 4130 vosque,
811 4022 850 4097 in
865 4022 921 4097 via
939 4048 1017 4097 non
1032 4020 1132 4096 bona
1147 4020 1378 4114 aberrantes,
1397 4023 1444 4098 ad
1463 4025 1561 4101 viam
1579 4026 1712 4103 nititur

290 4152 497 4231 «reducere
520 4153 701 4243 veritatis,
727 4181 813 4229 cnm
840 4150 971 4228 vestris
997 4149 1136 4228 cotidie
1165 4151 1350 4258 prejaceat
1372 4153 1491 4230 oculis
1517 4162 1561 4230 'et
1588 4154 1712 4233 littera

290 4322 301 4351 a
316 4282 445 4391 legalis
465 4303 502 4363 et
517 4285 627 4363 lectio
643 4284 861 4394 prophetica
877 4310 963 4360 cum
982 4280 1097 4390 gratia
1113 4280 1339 4390 evangelica;
1356 4310 1447 4389 que,
1465 4313 1551 4361 cum
1567 4284 1709 4395 legitis,

265 4452 301 4516 ..a
316 4430 472 4492 autnon
487 4416 716 4523 intelligitis,
736 4430 801 4492 aut
815 4412 1007 4492 intellecta
1021 4440 1173 4520 prorsus
1192 4411 1391 4521 negligitis.
1408 4450 1420 4482 ι
1437 4414 1500 4493 Sic
1514 4419 1711 4524 perpaucis

77 4568 85 4593 ··
192 4558 217 4609 ··'
288 4570 500 4625 sermonem
522 4547 768 4636 concludens,
791 4546 839 4623 ad
862 4544 1021 4622 meliora
1041 4559 1235 4648 torpentes
1253 4543 1453 4622 animabat.
