4478 5842
527 458 601 527 228
874 457 1281 531 CHARTULARIUM
1313 458 1592 531 SITHIENSE.

529 598 738 674 cotidianus
751 596 942 673 mundane
961 597 1014 672 rei
1028 594 1197 674 delectus
1218 597 1305 674 satis
1326 598 1503 674 ostendit.
1525 582 1643 675 Unde
1652 625 1721 704 ego
1737 598 1819 690 Ida,
1833 600 1946 677 Bolo-

463 824 471 839 .
527 729 734 819 niensium,
747 728 815 804 Dei
827 728 959 836 gratia,
970 728 1172 819 comitissa,
1185 727 1423 804 notificotam
1434 727 1571 831 suturis
1581 754 1694 834 quam
1708 729 1945 833 presentibus

525 858 699 965 qualiter,
717 857 766 934 ob
787 858 947 935 s'alutem
962 858 1084 933 anime
1104 881 1217 950 mee,
1230 887 1378 934 necnon
1394 887 1463 962 pro
1483 859 1606 935 anima
1627 859 1772 935 domini
1796 859 1870 936 mei
1890 888 1948 936 co

530 990 629 1064 mitis
649 988 855 1076 Eustachii,
875 1005 913 1063 et
928 1018 997 1094 pro
1020 987 1278 1064 incolumitate
1299 988 1468 1065 filiorum
1484 995 1675 1065 meorum¹
1694 989 1892 1069 Godefridi
1907 1008 1946 1067 et

528 1118 719 1207 Balduini,
744 1120 809 1224 qni
836 1135 964 1196 contra
986 1146 1217 1225 paganorum
1244 1119 1431 1207 incursus,
1457 1148 1501 1195 ex
1524 1137 1699 1226 precepto
1720 1119 1942 1226 apostolico,

526 1248 815 1326 lherosolimam
835 1247 992 1354 profecti
1008 1265 1110 1337 sunt,
1134 1277 1265 1326 omnes
1282 1249 1576 1327 consuetudines
1592 1267 1630 1327 et
1645 1251 1882 1339 comitatum,
1908 1269 1945 1329 et
1975 1297 1979 1311 ·

525 1380 703 1485 quitquid
717 1380 764 1455 ad
783 1408 842 1454 me
855 1378 1066 1484 pertinebat
1082 1378 1129 1453 de
1144 1395 1260 1470 terra,
1278 1409 1390 1486 quam
1404 1381 1550 1488 Ongyz²
1565 1396 1602 1456 et
1613 1380 1848 1469 Berwoldus‚
1862 1380 1945 1458 Deo

528 1529 565 1588 et
589 1529 716 1614 sancto
734 1510 907 1599 Bertino,
930 1509 977 1584 ad
999 1507 1244 1585 elemosinam
1266 1538 1492 1615 pauperum,
1517 1510 1773 1601 tradiderunt,
1804 1511 1945 1589 domno

527 1642 744 1732 lamberto,
763 1639 886 1716 abbati
906 1639 953 1714 de
975 1638 1134 1717 cenobio
1150 1640 1319 1746 ejusdcm
1338 1640 1477 1718 Christi
1497 1640 1719 1719 confessoris
1732 1643 1893 1735 Bertini,
1910 1662 1947 1720 et

526 1771 702 1847 fratribus
712 1770 856 1847 ibidem
864 1770 945 1846 Deo
958 1768 1217 1861 servientibus,
1227 1788 1409 1876 perpetuo
1417 1769 1660 1876 possidendas
1668 1790 1943 1861 concesserunn

529 1929 570 1976 ea
587 1900 762 1978 videlicet
775 1900 937 1990 ratione,
955 1916 998 1976 ut
1013 1890 1142 1976 nullus
1157 1899 1204 1976 de
1219 1901 1424 1977 heredibus
1442 1901 1699 2004 predictorum
1712 1901 1881 1978 virorum
1896 1901 1944 1978 de

527 2050 625 2108 terra
646 2033 709 2109 illa
731 2030 801 2107 sibi
817 2031 1018 2137 quicquam
1039 2029 1200 2136 amplius
1222 2059 1400 2138 usurpare
1420 2030 1578 2121 audeat,
1604 2059 1674 2108 nec
1695 2060 1822 2109 comes
1835 2031 1947 2110 Bolo-

527 2165 685 2251 niensis,
700 2191 822 2268 neque
837 2162 1036 2266 quisquam
1055 2189 1099 2237 ex
1114 2179 1218 2267 parte
1233 2163 1313 2268 ejus
1328 2163 1375 2238 de
1395 2160 1731 2240 consuetudinibus
1744 2189 1810 2240 sen
1829 2163 1946 2240 comi·

527 2312 606 2371 tatu
618 2295 721 2371 illius
734 2292 877 2399 aliquid
888 2292 1033 2398 exigere
1049 2308 1250 2397 presumat,
1264 2292 1330 2368 sed
1345 2291 1463 2369 libera
1479 2309 1515 2369 et
1525 2292 1668 2398 quieta,
1686 2291 1734 2368 ad
1752 2319 1842 2368 usus
1853 2320 1946 2399 pau·

528 2454 681 2530 perum,
707 2425 745 2499 in
768 2439 994 2530 perpetuum
1014 2440 1242 2527 permaneat.
1266 2422 1380 2514 Quod
1400 2424 1430 2499 si
1457 2424 1541 2529 quis
1566 2422 1770 2530 infringere
1791 2440 1946 2502 conatus
1984 2448 1990 2461 '

531 2556 660 2644 suerit,
679 2574 807 2633 eterne
825 2551 1099 2631 maledictionis
1115 2551 1261 2628 vinculo
1283 2552 1484 2659 obligatus,
1505 2553 1544 2629 in
1565 2552 1713 2630 inferno
1734 2553 1943 2648 cumJuda,

528 2688 707 2774 traditore
723 2685 896 2776 Domini,
912 2685 1056 2763 debitas
1073 2712 1188 2790 penas
1203 2683 1374 2776 exsolvat,
1397 2685 1469 2762 nisi
1487 2684 1597 2793 digna
1612 2683 1858 2762 satisfactione
1871 2685 1945 2763 cito

529 2818 702 2920 penitens
716 2816 925 2919 resipuerit.

515 3043 517 3049 Ι
586 2945 747 3021 «Actum
776 2947 815 3020 in
839 2944 926 3021 villa
945 2944 1092 3030 Merch,
1120 2972 1218 3019 anno
1241 2943 1429 3022 dominice
1456 2945 1722 3024 incarnationis
1742 2944 1945 3024 millesimo

529 3074 772 3181 nonagesimo
789 3090 928 3163 octavo,
945 3071 1152 3148 indictione
1164 3073 1319 3176 prima³,
1336 3093 1514 3180 regnante
1530 3077 1716 3183 Philippo,
1733 3105 1820 3183 rege
1833 3079 1947 3153 Fran—

529 3234 682 3292 corum,
705 3203 743 3280 in
763 3204 950 3311 presentia
969 3199 1228 3307 spectabilium
1248 3231 1533 3306 personarum.»

581 3493 730 3534 smenon
754 3492 863 3535 VERSUS
885 3493 915 3533 ΙΝ
938 3493 1057 3535 LAUDEH
1078 3492 1212 3536 VIRORU!
1236 3495 1265 3534 ΙΝ
1287 3494 1462 3537 tauscntero
1484 3492 1650 3534 murtam
1672 3488 1890 3533 oomnnronntt.

824 3651 953 3732 Contigit
967 3653 998 3710 in
1013 3652 1113 3712 vestris
1125 3652 1284 3734 quiddam,
1299 3651 1469 3720 Tarnanna,
1481 3648 1598 3718 dicbus,

823 3752 907 3814 Unde
922 3752 984 3814 Deo
994 3754 1096 3816 laudes
1108 3754 1267 3814 immensas
1280 3753 1401 3816 reddere
1415 3752 1520 3823 debon

699 3883 701 3887 >
823 3853 882 3928 Qui
894 3855 1043 3937 dignando
1056 3868 1120 3918 tuos
1134 3856 1222 3938 elegit
1234 3854 1456 3939 parrochianos,

824 3962 906 4037 Quos
919 3959 1107 4021 lherosolime
1120 3979 1203 4040 reges
1218 3959 1300 4021 dedit
1314 3971 1343 4019 et
1354 3958 1529 4039 patriarchas
1544 3983 1551 4018 ι

822 4067 922 4126 Primo
937 4062 1127 4133 Godesridus‚
1143 4062 1305 4123 Balduinus
1320 4083 1388 4123 vero
1401 4062 1561 4131 secundun

823 4167 963 4254 Ejusdem
978 4166 1063 4228 frater
1073 4177 1138 4249 post
1152 4165 1233 4226 hunc
1244 4167 1392 4247 regnavit:
1410 4177 1532 4256 uterque
1636 4182 1641 4189 ·

822 4271 915 4332 Filius
930 4269 1078 4331 Eustachii
1093 4268 1222 4336 comitis,
1237 4289 1311 4350 quos
1326 4266 1432 4328 nobilis
1446 4267 1509 4337 lda,

824 4373 950 4442 Christe.
967 4385 1017 4434 tue
1032 4372 1113 4454 genti
1132 4369 1252 4432 feliciter
1266 4369 1358 4430 edidit
1368 4371 1459 4430 omni.

572 4537 579 4566 ¹
603 4536 703 4619 Suppl.
720 4556 762 4595 ex.
779 4535 890 4602 Miraeo,
911 4531 1055 4592 Eustathir'.
1311 4529 1320 4557 ⁸
1341 4527 1389 4589 sic
1406 4528 1495 4589 etiam
1517 4527 1595 4610 apud
1617 4529 1757 4588 Miroeum.
1778 4528 1811 4588 ln
1836 4547 1948 4589 annum

506 4648 508 4652 ⁸
572 4642 582 4669 ²
605 4640 689 4724 Apud
703 4639 850 4706 Miraeum,
862 4634 986 4719 Ondiqir.
1270 4643 1366 4692 temen
1383 4630 1462 4712 1098
1473 4629 1577 4691 incidit
1590 4629 1690 4693 indict.
1708 4628 1735 4691 6.
