<?xml version="1.0" encoding="UTF-8"?>
<!DOCTYPE html PUBLIC "-//W3C//DTD XHTML 1.0 Transitional//EN"
    "http://www.w3.org/TR/xhtml1/DTD/xhtml1-transitional.dtd">
<html xmlns="http://www.w3.org/1999/xhtml" xml:lang="en" lang="en">
 <head>
  <title>
</title>
<meta http-equiv="Content-Type" content="text/html;charset=utf-8" />
  <meta name='ocr-system' content='tesseract 3.04.00' />
  <meta name='ocr-capabilities' content='ocr_page ocr_carea ocr_par ocr_line ocrx_word'/>
</head>
<body>
  <div class='ocr_page' id='page_1' title='image "./cartulairedelab00frangoog_0437.png"; bbox 0 0 4478 5842; ppageno 0'>
   <div class='ocr_carea' id='block_1_1' title="bbox 310 488 1371 564">
    <p class='ocr_par' dir='ltr' id='par_1_1' title="bbox 310 488 1371 564">
     <span class='ocr_line' id='line_1_1' title="bbox 310 488 1371 564; baseline -0.003 -1"><span class='ocrx_word' id='word_1_1' title='bbox 310 491 383 563; x_wconf 76' lang='lat'>526</span> <span class='ocrx_word' id='word_1_2' title='bbox 660 488 1067 564; x_wconf 80' lang='lat' dir='ltr'>CHARTULARIUM</span> <span class='ocrx_word' id='word_1_3' title='bbox 1094 488 1371 562; x_wconf 80' lang='lat' dir='ltr'>SITHIENSE.</span> 
     </span>
    </p>
   </div>
   <div class='ocr_carea' id='block_1_2' title="bbox 307 622 1732 738">
    <p class='ocr_par' dir='ltr' id='par_1_2' title="bbox 307 622 1732 738">
     <span class='ocr_line' id='line_1_2' title="bbox 307 622 1732 738; baseline 0.002 -31"><span class='ocrx_word' id='word_1_4' title='bbox 307 650 486 738; x_wconf 84' lang='lat' dir='ltr'>tanquam</span> <span class='ocrx_word' id='word_1_5' title='bbox 509 631 564 706; x_wconf 85' lang='lat' dir='ltr'>vir</span> <span class='ocrx_word' id='word_1_6' title='bbox 586 622 772 736; x_wconf 84' lang='lat' dir='ltr'>prudens,</span> <span class='ocrx_word' id='word_1_7' title='bbox 803 632 875 737; x_wconf 79' lang='lat' dir='ltr'>hoc</span> <span class='ocrx_word' id='word_1_8' title='bbox 900 632 1097 737; x_wconf 82' lang='lat' dir='ltr'>presertim</span> <span class='ocrx_word' id='word_1_9' title='bbox 1126 631 1203 708; x_wconf 92' lang='lat' dir='ltr'>suis</span> <span class='ocrx_word' id='word_1_10' title='bbox 1228 631 1389 736; x_wconf 87' lang='lat' dir='ltr'>peccatis</span> <span class='ocrx_word' id='word_1_11' title='bbox 1410 632 1616 737; x_wconf 79' lang='lat' dir='ltr'><strong>imputans,</strong></span> <span class='ocrx_word' id='word_1_12' title='bbox 1645 631 1732 738; x_wconf 90' lang='lat' dir='ltr'>plus</span> 
     </span>
    </p>
   </div>
   <div class='ocr_carea' id='block_1_3' title="bbox 308 760 1852 870">
    <p class='ocr_par' dir='ltr' id='par_1_3' title="bbox 308 760 1852 870">
     <span class='ocr_line' id='line_1_3' title="bbox 308 760 1852 870; baseline -0.001 -33"><span class='ocrx_word' id='word_1_13' title='bbox 308 763 456 852; x_wconf 86' lang='lat' dir='ltr'>ceteris,</span> <span class='ocrx_word' id='word_1_14' title='bbox 481 779 523 839; x_wconf 89' lang='lat' dir='ltr'>ut</span> <span class='ocrx_word' id='word_1_15' title='bbox 544 762 687 852; x_wconf 84' lang='lat' dir='ltr'>decuit,</span> <span class='ocrx_word' id='word_1_16' title='bbox 710 761 880 852; x_wconf 76' lang='lat' dir='ltr'>doleba13</span> <span class='ocrx_word' id='word_1_17' title='bbox 903 761 1088 868; x_wconf 88' lang='lat' dir='ltr'>quiajam</span> <span class='ocrx_word' id='word_1_18' title='bbox 1111 763 1150 837; x_wconf 91' lang='lat' dir='ltr'>in</span> <span class='ocrx_word' id='word_1_19' title='bbox 1175 760 1323 838; x_wconf 91' lang='lat' dir='ltr'>senium</span> <span class='ocrx_word' id='word_1_20' title='bbox 1345 790 1519 870; x_wconf 84' lang='lat' dir='ltr'>vergens,</span> <span class='ocrx_word' id='word_1_21' title='bbox 1546 792 1633 840; x_wconf 92' lang='lat' dir='ltr'>cum</span> <span class='ocrx_word' id='word_1_22' title='bbox 1647 782 1732 869; x_wconf 90' lang='lat' dir='ltr'>post</span> <span class='ocrx_word' id='word_1_23' title='bbox 1848 826 1852 835; x_wconf 85' lang='lat'>.</span> 
     </span>
    </p>
   </div>
   <div class='ocr_carea' id='block_1_4' title="bbox 308 890 1732 999">
    <p class='ocr_par' dir='ltr' id='par_1_4' title="bbox 308 890 1732 999">
     <span class='ocr_line' id='line_1_4' title="bbox 308 890 1732 999; baseline -0.001 -29"><span class='ocrx_word' id='word_1_24' title='bbox 308 912 365 971; x_wconf 88' lang='lat' dir='ltr'>tot</span> <span class='ocrx_word' id='word_1_25' title='bbox 385 894 533 970; x_wconf 88' lang='lat' dir='ltr'>labores</span> <span class='ocrx_word' id='word_1_26' title='bbox 553 910 591 969; x_wconf 90' lang='lat' dir='ltr'>et</span> <span class='ocrx_word' id='word_1_27' title='bbox 612 892 791 969; x_wconf 89' lang='lat' dir='ltr'>itinerum</span> <span class='ocrx_word' id='word_1_28' title='bbox 812 890 1066 999; x_wconf 77' lang='lat' dir='ltr'>fatigationes,</span> <span class='ocrx_word' id='word_1_29' title='bbox 1093 908 1140 967; x_wconf 90' lang='lat' dir='ltr'>ut</span> <span class='ocrx_word' id='word_1_30' title='bbox 1158 893 1355 982; x_wconf 90' lang='lat' dir='ltr'>emeritus,</span> <span class='ocrx_word' id='word_1_31' title='bbox 1383 892 1554 999; x_wconf 88' lang='lat' dir='ltr'>requiem</span> <span class='ocrx_word' id='word_1_32' title='bbox 1577 893 1732 979; x_wconf 85' lang='lat' dir='ltr'>deberet</span> 
     </span>
    </p>
   </div>
   <div class='ocr_carea' id='block_1_5' title="bbox 159 1008 1730 1129">
    <p class='ocr_par' dir='ltr' id='par_1_5' title="bbox 159 1008 1730 1129">
     <span class='ocr_line' id='line_1_5' title="bbox 159 1008 1730 1129; baseline 0.001 -29"><span class='ocrx_word' id='word_1_33' title='bbox 159 1008 165 1023; x_wconf 48' lang='lat'>¹</span> <span class='ocrx_word' id='word_1_34' title='bbox 205 1032 214 1045; x_wconf 89' lang='grc'><em>“</em></span> <span class='ocrx_word' id='word_1_35' title='bbox 306 1052 471 1129; x_wconf 87' lang='lat' dir='ltr'>sperare,</span> <span class='ocrx_word' id='word_1_36' title='bbox 499 1024 538 1098; x_wconf 92' lang='lat' dir='ltr'>in</span> <span class='ocrx_word' id='word_1_37' title='bbox 564 1023 812 1114; x_wconf 90' lang='lat' dir='ltr'>laberintum,</span> <span class='ocrx_word' id='word_1_38' title='bbox 839 1022 910 1100; x_wconf 92' lang='lat' dir='ltr'>nisi</span> <span class='ocrx_word' id='word_1_39' title='bbox 935 1022 1025 1099; x_wconf 88' lang='lat' dir='ltr'>lune</span> <span class='ocrx_word' id='word_1_40' title='bbox 1049 1021 1120 1098; x_wconf 90' lang='lat' dir='ltr'>Dei</span> <span class='ocrx_word' id='word_1_41' title='bbox 1150 1022 1343 1113; x_wconf 91' lang='lat' dir='ltr'>educatur,</span> <span class='ocrx_word' id='word_1_42' title='bbox 1369 1022 1664 1101; x_wconf 76' lang='lat' dir='ltr'>inextricabilem</span> <span class='ocrx_word' id='word_1_43' title='bbox 1691 1053 1730 1101; x_wconf 90' lang='lat' dir='ltr'>se</span> 
     </span>
    </p>
   </div>
   <div class='ocr_carea' id='block_1_6' title="bbox 254 1152 1736 2304">
    <p class='ocr_par' dir='ltr' id='par_1_6' title="bbox 254 1152 1736 2304">
     <span class='ocr_line' id='line_1_6' title="bbox 309 1152 1730 1260; baseline -0.001 -29"><span class='ocrx_word' id='word_1_44' title='bbox 309 1155 502 1232; x_wconf 86' lang='lat' dir='ltr'>devenisse</span> <span class='ocrx_word' id='word_1_45' title='bbox 528 1153 802 1230; x_wconf 85' lang='lat' dir='ltr'>considerabat.</span> <span class='ocrx_word' id='word_1_46' title='bbox 831 1155 907 1230; x_wconf 88' lang='lat' dir='ltr'>Nec</span> <span class='ocrx_word' id='word_1_47' title='bbox 931 1169 1059 1233; x_wconf 85' lang='lat' dir='ltr'>tamen</span> <span class='ocrx_word' id='word_1_48' title='bbox 1089 1153 1189 1229; x_wconf 88' lang='lat' dir='ltr'>inter</span> <span class='ocrx_word' id='word_1_49' title='bbox 1211 1152 1362 1230; x_wconf 86' lang='lat' dir='ltr'>adversa</span> <span class='ocrx_word' id='word_1_50' title='bbox 1390 1153 1607 1259; x_wconf 85' lang='lat' dir='ltr'>desperans,</span> <span class='ocrx_word' id='word_1_51' title='bbox 1636 1153 1730 1260; x_wconf 88' lang='lat' dir='ltr'>quid</span> 
     </span>
     <span class='ocr_line' id='line_1_7' title="bbox 307 1280 1732 1390; baseline -0.001 -30"><span class='ocrx_word' id='word_1_52' title='bbox 307 1284 403 1362; x_wconf 87' lang='lat' dir='ltr'>facto</span> <span class='ocrx_word' id='word_1_53' title='bbox 427 1313 522 1390; x_wconf 91' lang='lat' dir='ltr'>opus</span> <span class='ocrx_word' id='word_1_54' title='bbox 545 1286 609 1375; x_wconf 91' lang='lat' dir='ltr'>sit,</span> <span class='ocrx_word' id='word_1_55' title='bbox 633 1284 764 1362; x_wconf 91' lang='lat' dir='ltr'>habito</span> <span class='ocrx_word' id='word_1_56' title='bbox 790 1313 877 1362; x_wconf 90' lang='lat' dir='ltr'>cum</span> <span class='ocrx_word' id='word_1_57' title='bbox 898 1285 1027 1361; x_wconf 87' lang='lat' dir='ltr'>amicis</span> <span class='ocrx_word' id='word_1_58' title='bbox 1047 1302 1084 1362; x_wconf 90' lang='lat' dir='ltr'>et</span> <span class='ocrx_word' id='word_1_59' title='bbox 1105 1284 1192 1361; x_wconf 84' lang='lat' dir='ltr'>viris</span> <span class='ocrx_word' id='word_1_60' title='bbox 1208 1283 1462 1390; x_wconf 87' lang='lat' dir='ltr'>prudentibus</span> <span class='ocrx_word' id='word_1_61' title='bbox 1477 1280 1633 1363; x_wconf 91' lang='lat' dir='ltr'>consilio</span> <span class='ocrx_word' id='word_1_62' title='bbox 1652 1310 1732 1360; x_wconf 91' lang='lat' dir='ltr'>ma-</span> 
     </span>
     <span class='ocr_line' id='line_1_8' title="bbox 307 1410 1732 1521; baseline 0.001 -29"><span class='ocrx_word' id='word_1_63' title='bbox 307 1435 412 1507; x_wconf 87' lang='lat' dir='ltr'>turo,</span> <span class='ocrx_word' id='word_1_64' title='bbox 434 1431 591 1493; x_wconf 88' lang='lat' dir='ltr'>tractare</span> <span class='ocrx_word' id='word_1_65' title='bbox 614 1414 723 1520; x_wconf 87' lang='lat' dir='ltr'>cepit.</span> <span class='ocrx_word' id='word_1_66' title='bbox 751 1415 799 1491; x_wconf 86' lang='lat' dir='ltr'>Et</span> <span class='ocrx_word' id='word_1_67' title='bbox 816 1414 942 1520; x_wconf 91' lang='lat' dir='ltr'>primo</span> <span class='ocrx_word' id='word_1_68' title='bbox 962 1414 1119 1521; x_wconf 92' lang='lat' dir='ltr'>quidem</span> <span class='ocrx_word' id='word_1_69' title='bbox 1138 1442 1207 1519; x_wconf 93' lang='lat' dir='ltr'>per</span> <span class='ocrx_word' id='word_1_70' title='bbox 1227 1413 1393 1494; x_wconf 87' lang='lat' dir='ltr'>abbatias</span> <span class='ocrx_word' id='word_1_71' title='bbox 1413 1410 1639 1494; x_wconf 68' lang='lat' dir='ltr'>conuentum</span> <span class='ocrx_word' id='word_1_72' title='bbox 1655 1413 1732 1494; x_wconf 88' lang='lat' dir='ltr'>dis-</span> 
     </span>
     <span class='ocr_line' id='line_1_9' title="bbox 254 1544 1730 1656; baseline -0.001 -33"><span class='ocrx_word' id='word_1_73' title='bbox 254 1610 258 1615; x_wconf 93' lang='lat'>.</span> <span class='ocrx_word' id='word_1_74' title='bbox 306 1546 432 1652; x_wconf 85' lang='lat' dir='ltr'>ponit;</span> <span class='ocrx_word' id='word_1_75' title='bbox 450 1546 589 1623; x_wconf 90' lang='lat' dir='ltr'>deinde</span> <span class='ocrx_word' id='word_1_76' title='bbox 606 1546 653 1621; x_wconf 90' lang='lat' dir='ltr'>ad</span> <span class='ocrx_word' id='word_1_77' title='bbox 668 1544 762 1621; x_wconf 90' lang='lat' dir='ltr'>tanti</span> <span class='ocrx_word' id='word_1_78' title='bbox 779 1545 987 1649; x_wconf 86' lang='lat' dir='ltr'>dampnum</span> <span class='ocrx_word' id='word_1_79' title='bbox 1004 1544 1139 1619; x_wconf 85' lang='lat' dir='ltr'>excidii</span> <span class='ocrx_word' id='word_1_80' title='bbox 1149 1545 1451 1650; x_wconf 89' lang='lat' dir='ltr'>recuperandum</span> <span class='ocrx_word' id='word_1_81' title='bbox 1467 1574 1507 1624; x_wconf 88' lang='lat' dir='ltr'>se</span> <span class='ocrx_word' id='word_1_82' title='bbox 1522 1546 1730 1656; x_wconf 85' lang='lat' dir='ltr'>accingens,</span> 
     </span>
     <span class='ocr_line' id='line_1_10' title="bbox 306 1671 1735 1785; baseline -0.001 -32"><span class='ocrx_word' id='word_1_83' title='bbox 306 1705 381 1785; x_wconf 85' lang='lat' dir='ltr'>que</span> <span class='ocrx_word' id='word_1_84' title='bbox 398 1678 445 1753; x_wconf 89' lang='lat' dir='ltr'>de</span> <span class='ocrx_word' id='word_1_85' title='bbox 466 1673 624 1753; x_wconf 87' lang='lat' dir='ltr'>edificiis</span> <span class='ocrx_word' id='word_1_86' title='bbox 640 1673 806 1782; x_wconf 88' lang='lat' dir='ltr'>subjecta</span> <span class='ocrx_word' id='word_1_87' title='bbox 822 1689 927 1750; x_wconf 90' lang='lat' dir='ltr'>erant</span> <span class='ocrx_word' id='word_1_88' title='bbox 947 1674 1106 1784; x_wconf 84' lang='lat' dir='ltr'>erigere,</span> <span class='ocrx_word' id='word_1_89' title='bbox 1129 1688 1168 1750; x_wconf 88' lang='lat' dir='ltr'>et</span> <span class='ocrx_word' id='word_1_90' title='bbox 1182 1701 1258 1780; x_wconf 90' lang='lat' dir='ltr'>que</span> <span class='ocrx_word' id='word_1_91' title='bbox 1271 1671 1426 1783; x_wconf 85' lang='lat' dir='ltr'>angusta</span> <span class='ocrx_word' id='word_1_92' title='bbox 1441 1675 1639 1781; x_wconf 89' lang='lat' dir='ltr'>ampliare,</span> <span class='ocrx_word' id='word_1_93' title='bbox 1657 1703 1735 1783; x_wconf 84' lang='lat' dir='ltr'>que</span> 
     </span>
     <span class='ocr_line' id='line_1_11' title="bbox 308 1805 1733 1914; baseline 0.001 -31"><span class='ocrx_word' id='word_1_94' title='bbox 308 1825 345 1885; x_wconf 90' lang='lat' dir='ltr'>et</span> <span class='ocrx_word' id='word_1_95' title='bbox 364 1808 492 1884; x_wconf 91' lang='lat' dir='ltr'>minus</span> <span class='ocrx_word' id='word_1_96' title='bbox 510 1806 639 1912; x_wconf 90' lang='lat' dir='ltr'>pulcra</span> <span class='ocrx_word' id='word_1_97' title='bbox 660 1821 698 1881; x_wconf 89' lang='lat' dir='ltr'>ct</span> <span class='ocrx_word' id='word_1_98' title='bbox 713 1805 889 1912; x_wconf 81' lang='lat' dir='ltr'>religioni</span> <span class='ocrx_word' id='word_1_99' title='bbox 907 1807 1055 1914; x_wconf 80' lang='lat' dir='ltr'>ydonea</span> <span class='ocrx_word' id='word_1_100' title='bbox 1075 1805 1284 1882; x_wconf 90' lang='lat' dir='ltr'>instaurare</span> <span class='ocrx_word' id='word_1_101' title='bbox 1300 1806 1387 1884; x_wconf 93' lang='lat' dir='ltr'>nisu</span> <span class='ocrx_word' id='word_1_102' title='bbox 1400 1822 1482 1884; x_wconf 89' lang='lat' dir='ltr'>toto</span> <span class='ocrx_word' id='word_1_103' title='bbox 1501 1823 1539 1884; x_wconf 89' lang='lat' dir='ltr'>et</span> <span class='ocrx_word' id='word_1_104' title='bbox 1553 1807 1733 1884; x_wconf 86' lang='lat' dir='ltr'>decorare</span> 
     </span>
     <span class='ocr_line' id='line_1_12' title="bbox 307 1931 1734 2044; baseline -0.001 -30"><span class='ocrx_word' id='word_1_105' title='bbox 307 1938 466 2014; x_wconf 85' lang='lat' dir='ltr'>studuit.</span> <span class='ocrx_word' id='word_1_106' title='bbox 488 1934 559 2014; x_wconf 90' lang='lat' dir='ltr'>Dei</span> <span class='ocrx_word' id='word_1_107' title='bbox 581 1936 721 2013; x_wconf 88' lang='lat' dir='ltr'>etenim</span> <span class='ocrx_word' id='word_1_108' title='bbox 742 1936 946 2014; x_wconf 88' lang='lat' dir='ltr'>comitante</span> <span class='ocrx_word' id='word_1_109' title='bbox 971 1931 1177 2044; x_wconf 86' lang='lat' dir='ltr'>adjutorio,</span> <span class='ocrx_word' id='word_1_110' title='bbox 1208 1935 1319 2013; x_wconf 90' lang='lat' dir='ltr'>multi</span> <span class='ocrx_word' id='word_1_111' title='bbox 1345 1937 1392 2015; x_wconf 93' lang='lat' dir='ltr'>de</span> <span class='ocrx_word' id='word_1_112' title='bbox 1414 1936 1492 2015; x_wconf 88' lang='lat' dir='ltr'>suis</span> <span class='ocrx_word' id='word_1_113' title='bbox 1517 1936 1734 2015; x_wconf 90' lang='lat' dir='ltr'>elemosinis</span> 
     </span>
     <span class='ocr_line' id='line_1_13' title="bbox 308 2065 1736 2175; baseline -0.001 -30"><span class='ocrx_word' id='word_1_114' title='bbox 308 2086 527 2175; x_wconf 82' lang='lat' dir='ltr'>operantem</span> <span class='ocrx_word' id='word_1_115' title='bbox 535 2070 666 2174; x_wconf 88' lang='lat' dir='ltr'>juvare</span> <span class='ocrx_word' id='word_1_116' title='bbox 681 2093 833 2172; x_wconf 78' lang='lat' dir='ltr'>cepere3</span> <span class='ocrx_word' id='word_1_117' title='bbox 851 2065 1030 2173; x_wconf 88' lang='lat' dir='ltr'>precipue</span> <span class='ocrx_word' id='word_1_118' title='bbox 1046 2066 1102 2144; x_wconf 85' lang='lat' dir='ltr'>vir</span> <span class='ocrx_word' id='word_1_119' title='bbox 1114 2065 1271 2158; x_wconf 86' lang='lat' dir='ltr'>nobilis,</span> <span class='ocrx_word' id='word_1_120' title='bbox 1289 2066 1350 2145; x_wconf 92' lang='lat' dir='ltr'>cui</span> <span class='ocrx_word' id='word_1_121' title='bbox 1366 2065 1736 2147; x_wconf 84' lang='lat' dir='ltr'>nomenWillelmus</span> 
     </span>
     <span class='ocr_line' id='line_1_14' title="bbox 309 2194 1731 2304; baseline -0.002 -29"><span class='ocrx_word' id='word_1_122' title='bbox 309 2199 355 2275; x_wconf 90' lang='lat' dir='ltr'>de</span> <span class='ocrx_word' id='word_1_123' title='bbox 367 2201 482 2304; x_wconf 89' lang='lat' dir='ltr'>Ypra,</span> <span class='ocrx_word' id='word_1_124' title='bbox 494 2197 596 2275; x_wconf 88' lang='lat' dir='ltr'>lilius</span> <span class='ocrx_word' id='word_1_125' title='bbox 607 2194 675 2274; x_wconf 91' lang='lat' dir='ltr'>lilii</span> <span class='ocrx_word' id='word_1_126' title='bbox 691 2197 838 2301; x_wconf 89' lang='lat' dir='ltr'>comitis</span> <span class='ocrx_word' id='word_1_127' title='bbox 851 2197 1196 2288; x_wconf 83' lang='lat' dir='ltr'>Flandrielloberti</span> <span class='ocrx_word' id='word_1_128' title='bbox 1207 2196 1389 2290; x_wconf 89' lang='lat' dir='ltr'>Frisonis,</span> <span class='ocrx_word' id='word_1_129' title='bbox 1406 2197 1547 2277; x_wconf 86' lang='lat' dir='ltr'>scilicet</span> <span class='ocrx_word' id='word_1_130' title='bbox 1554 2196 1731 2304; x_wconf 91' lang='lat' dir='ltr'>Philippi,</span> 
     </span>
    </p>
   </div>
   <div class='ocr_carea' id='block_1_7' title="bbox 309 2328 1733 2438">
    <p class='ocr_par' dir='ltr' id='par_1_7' title="bbox 309 2328 1733 2438">
     <span class='ocr_line' id='line_1_15' title="bbox 309 2328 1733 2438; baseline -0.001 -31"><span class='ocrx_word' id='word_1_131' title='bbox 309 2330 374 2437; x_wconf 90' lang='lat' dir='ltr'>qni</span> <span class='ocrx_word' id='word_1_132' title='bbox 391 2329 476 2436; x_wconf 90' lang='lat' dir='ltr'>plus</span> <span class='ocrx_word' id='word_1_133' title='bbox 490 2331 562 2407; x_wconf 89' lang='lat' dir='ltr'>Yra</span> <span class='ocrx_word' id='word_1_134' title='bbox 569 2334 592 2421; x_wconf 91' lang='lat'>¹,</span> <span class='ocrx_word' id='word_1_135' title='bbox 609 2354 696 2438; x_wconf 83' lang='lat' dir='ltr'>rege</span> <span class='ocrx_word' id='word_1_136' title='bbox 708 2329 815 2437; x_wconf 81' lang='lat' dir='ltr'>Tyri,</span> <span class='ocrx_word' id='word_1_137' title='bbox 829 2357 909 2406; x_wconf 92' lang='lat' dir='ltr'>non</span> <span class='ocrx_word' id='word_1_138' title='bbox 924 2328 1049 2408; x_wconf 92' lang='lat' dir='ltr'>solum</span> <span class='ocrx_word' id='word_1_139' title='bbox 1063 2329 1103 2405; x_wconf 90' lang='lat' dir='ltr'>in</span> <span class='ocrx_word' id='word_1_140' title='bbox 1120 2356 1355 2407; x_wconf 89' lang='lat' dir='ltr'>marmorum</span> <span class='ocrx_word' id='word_1_141' title='bbox 1368 2329 1549 2408; x_wconf 89' lang='lat' dir='ltr'>incisione</span> <span class='ocrx_word' id='word_1_142' title='bbox 1562 2328 1733 2436; x_wconf 91' lang='lat' dir='ltr'>lapidum</span> 
     </span>
    </p>
   </div>
   <div class='ocr_carea' id='block_1_8' title="bbox 309 2460 1827 4660">
    <p class='ocr_par' dir='ltr' id='par_1_8' title="bbox 309 2460 1827 4660">
     <span class='ocr_line' id='line_1_16' title="bbox 312 2460 1731 2570; baseline -0.001 -31"><span class='ocrx_word' id='word_1_143' title='bbox 312 2479 350 2539; x_wconf 89' lang='lat' dir='ltr'>et</span> <span class='ocrx_word' id='word_1_144' title='bbox 369 2460 559 2570; x_wconf 87' lang='lat' dir='ltr'>lignorum</span> <span class='ocrx_word' id='word_1_145' title='bbox 581 2460 825 2539; x_wconf 84' lang='lat' dir='ltr'>Salomonem</span> <span class='ocrx_word' id='word_1_146' title='bbox 843 2477 1015 2539; x_wconf 90' lang='lat' dir='ltr'>nostrum</span> <span class='ocrx_word' id='word_1_147' title='bbox 1027 2460 1141 2569; x_wconf 87' lang='lat' dir='ltr'>juvit,</span> <span class='ocrx_word' id='word_1_148' title='bbox 1158 2487 1302 2537; x_wconf 89' lang='lat' dir='ltr'>verum.</span> <span class='ocrx_word' id='word_1_149' title='bbox 1314 2477 1352 2538; x_wconf 86' lang='lat' dir='ltr'>et</span> <span class='ocrx_word' id='word_1_150' title='bbox 1370 2461 1410 2537; x_wconf 93' lang='lat' dir='ltr'>in</span> <span class='ocrx_word' id='word_1_151' title='bbox 1426 2487 1537 2553; x_wconf 85' lang='lat' dir='ltr'>auro,</span> <span class='ocrx_word' id='word_1_152' title='bbox 1558 2478 1731 2570; x_wconf 85' lang='lat' dir='ltr'>argento,</span> 
     </span>
     <span class='ocr_line' id='line_1_17' title="bbox 309 2591 1734 2700; baseline 0 -32"><span class='ocrx_word' id='word_1_153' title='bbox 309 2592 468 2698; x_wconf 92' lang='lat' dir='ltr'>plumbo</span> <span class='ocrx_word' id='word_1_154' title='bbox 485 2610 522 2670; x_wconf 89' lang='lat' dir='ltr'>et</span> <span class='ocrx_word' id='word_1_155' title='bbox 535 2591 689 2670; x_wconf 85' lang='lat' dir='ltr'>diversis</span> <span class='ocrx_word' id='word_1_156' title='bbox 707 2592 818 2670; x_wconf 92' lang='lat' dir='ltr'>donis</span> <span class='ocrx_word' id='word_1_157' title='bbox 832 2592 950 2669; x_wconf 86' lang='lat' dir='ltr'>totius</span> <span class='ocrx_word' id='word_1_158' title='bbox 965 2592 1090 2697; x_wconf 90' lang='lat' dir='ltr'>operis</span> <span class='ocrx_word' id='word_1_159' title='bbox 1108 2618 1188 2669; x_wconf 92' lang='lat' dir='ltr'>non</span> <span class='ocrx_word' id='word_1_160' title='bbox 1204 2607 1282 2668; x_wconf 88' lang='lat' dir='ltr'>tam</span> <span class='ocrx_word' id='word_1_161' title='bbox 1298 2591 1448 2700; x_wconf 87' lang='lat' dir='ltr'>adjutor</span> <span class='ocrx_word' id='word_1_162' title='bbox 1464 2618 1586 2699; x_wconf 83' lang='lat' dir='ltr'>qnam</span> <span class='ocrx_word' id='word_1_163' title='bbox 1599 2617 1734 2698; x_wconf 86' lang='lat' dir='ltr'>coope-</span> 
     </span>
     <span class='ocr_line' id='line_1_18' title="bbox 310 2721 1735 2833; baseline 0 -33"><span class='ocrx_word' id='word_1_164' title='bbox 310 2741 410 2800; x_wconf 86' lang='lat' dir='ltr'>rator</span> <span class='ocrx_word' id='word_1_165' title='bbox 426 2722 576 2801; x_wconf 80' lang='lat' dir='ltr'>exstitit.</span> <span class='ocrx_word' id='word_1_166' title='bbox 599 2724 749 2801; x_wconf 85' lang='lat' dir='ltr'>Etcum</span> <span class='ocrx_word' id='word_1_167' title='bbox 768 2723 888 2802; x_wconf 90' lang='lat' dir='ltr'>multa</span> <span class='ocrx_word' id='word_1_168' title='bbox 909 2723 957 2801; x_wconf 88' lang='lat' dir='ltr'>de</span> <span class='ocrx_word' id='word_1_169' title='bbox 978 2723 1093 2833; x_wconf 87' lang='lat' dir='ltr'>hujus</span> <span class='ocrx_word' id='word_1_170' title='bbox 1112 2723 1181 2800; x_wconf 77' lang='lat' dir='ltr'>riri</span> <span class='ocrx_word' id='word_1_171' title='bbox 1202 2750 1288 2833; x_wconf 84' lang='lat' dir='ltr'>erga</span> <span class='ocrx_word' id='word_1_172' title='bbox 1310 2750 1381 2801; x_wconf 92' lang='lat' dir='ltr'>nos</span> <span class='ocrx_word' id='word_1_173' title='bbox 1400 2721 1581 2800; x_wconf 83' lang='lat' dir='ltr'>munifica</span> <span class='ocrx_word' id='word_1_174' title='bbox 1598 2721 1735 2802; x_wconf 83' lang='lat' dir='ltr'>libcra-</span> 
     </span>
     <span class='ocr_line' id='line_1_19' title="bbox 310 2853 1736 2962; baseline 0.001 -32"><span class='ocrx_word' id='word_1_175' title='bbox 310 2855 414 2930; x_wconf 88' lang='lat' dir='ltr'>litate</span> <span class='ocrx_word' id='word_1_176' title='bbox 439 2854 564 2930; x_wconf 90' lang='lat' dir='ltr'>dicere</span> <span class='ocrx_word' id='word_1_177' title='bbox 589 2880 801 2959; x_wconf 89' lang='lat' dir='ltr'>possemus,</span> <span class='ocrx_word' id='word_1_178' title='bbox 827 2854 901 2932; x_wconf 92' lang='lat' dir='ltr'>boc</span> <span class='ocrx_word' id='word_1_179' title='bbox 927 2853 1087 2932; x_wconf 87' lang='lat' dir='ltr'>omnino</span> <span class='ocrx_word' id='word_1_180' title='bbox 1112 2854 1412 2962; x_wconf 88' lang='lat' dir='ltr'>pretereundum</span> <span class='ocrx_word' id='word_1_181' title='bbox 1440 2866 1518 2932; x_wconf 89' lang='lat' dir='ltr'>non</span> <span class='ocrx_word' id='word_1_182' title='bbox 1543 2877 1623 2932; x_wconf 83' lang='lat' dir='ltr'>esse</span> <span class='ocrx_word' id='word_1_183' title='bbox 1649 2882 1736 2933; x_wconf 87' lang='lat' dir='ltr'>cen-</span> 
     </span>
     <span class='ocr_line' id='line_1_20' title="bbox 309 2982 1827 3094; baseline -0.003 -33"><span class='ocrx_word' id='word_1_184' title='bbox 309 3012 453 3075; x_wconf 88' lang='lat' dir='ltr'>semus,</span> <span class='ocrx_word' id='word_1_185' title='bbox 479 2985 586 3091; x_wconf 90' lang='lat' dir='ltr'>quod</span> <span class='ocrx_word' id='word_1_186' title='bbox 613 2985 706 3062; x_wconf 92' lang='lat' dir='ltr'>duas</span> <span class='ocrx_word' id='word_1_187' title='bbox 725 2983 835 3065; x_wconf 91' lang='lat' dir='ltr'>nobis</span> <span class='ocrx_word' id='word_1_188' title='bbox 862 2984 902 3060; x_wconf 93' lang='lat' dir='ltr'>in</span> <span class='ocrx_word' id='word_1_189' title='bbox 926 2983 1057 3092; x_wconf 79' lang='lat' dir='ltr'>Anglia</span> <span class='ocrx_word' id='word_1_190' title='bbox 1083 2984 1272 3078; x_wconf 82' lang='lat' dir='ltr'>ecclesias,</span> <span class='ocrx_word' id='word_1_191' title='bbox 1297 2982 1508 3094; x_wconf 86' lang='lat' dir='ltr'>Trullejam</span> <span class='ocrx_word' id='word_1_192' title='bbox 1529 2983 1672 3064; x_wconf 88' lang='lat' dir='ltr'>scilicet</span> <span class='ocrx_word' id='word_1_193' title='bbox 1698 3002 1736 3062; x_wconf 85' lang='lat' dir='ltr'>et</span> <span class='ocrx_word' id='word_1_194' title='bbox 1826 3053 1827 3057; x_wconf 74' lang='grc'>,</span> 
     </span>
     <span class='ocr_line' id='line_1_21' title="bbox 309 3111 1733 3223; baseline 0.001 -33"><span class='ocrx_word' id='word_1_195' title='bbox 309 3111 515 3204; x_wconf 86' lang='lat' dir='ltr'>Scilleiam,</span> <span class='ocrx_word' id='word_1_196' title='bbox 543 3140 630 3189; x_wconf 86' lang='lat' dir='ltr'>curn</span> <span class='ocrx_word' id='word_1_197' title='bbox 650 3113 727 3190; x_wconf 92' lang='lat' dir='ltr'>suis</span> <span class='ocrx_word' id='word_1_198' title='bbox 747 3112 992 3220; x_wconf 88' lang='lat' dir='ltr'>appenditiis,</span> <span class='ocrx_word' id='word_1_199' title='bbox 1019 3114 1067 3191; x_wconf 92' lang='lat' dir='ltr'>ad</span> <span class='ocrx_word' id='word_1_200' title='bbox 1089 3115 1367 3222; x_wconf 84' lang='lat' dir='ltr'>susceptionem</span> <span class='ocrx_word' id='word_1_201' title='bbox 1392 3115 1587 3223; x_wconf 85' lang='lat' dir='ltr'>hospitum</span> <span class='ocrx_word' id='word_1_202' title='bbox 1608 3114 1733 3208; x_wconf 77' lang='lat' dir='ltr'>dedit3</span> 
     </span>
     <span class='ocr_line' id='line_1_22' title="bbox 309 3241 1735 3352; baseline 0.001 -32"><span class='ocrx_word' id='word_1_203' title='bbox 309 3274 352 3320; x_wconf 87' lang='lat' dir='ltr'>ex</span> <span class='ocrx_word' id='word_1_204' title='bbox 382 3241 454 3320; x_wconf 92' lang='lat' dir='ltr'>hoc</span> <span class='ocrx_word' id='word_1_205' title='bbox 481 3244 642 3322; x_wconf 81' lang='lat' dir='ltr'>maxime</span> <span class='ocrx_word' id='word_1_206' title='bbox 669 3242 889 3349; x_wconf 88' lang='lat' dir='ltr'>inspiratus,</span> <span class='ocrx_word' id='word_1_207' title='bbox 925 3254 969 3320; x_wconf 87' lang='lat' dir='ltr'>ut</span> <span class='ocrx_word' id='word_1_208' title='bbox 996 3244 1152 3336; x_wconf 93' lang='lat' dir='ltr'>dicitur,</span> <span class='ocrx_word' id='word_1_209' title='bbox 1184 3246 1289 3352; x_wconf 88' lang='lat' dir='ltr'>quod</span> <span class='ocrx_word' id='word_1_210' title='bbox 1319 3245 1541 3352; x_wconf 86' lang='lat' dir='ltr'>apericulis</span> <span class='ocrx_word' id='word_1_211' title='bbox 1569 3245 1735 3324; x_wconf 78' lang='lat' dir='ltr'>incendii</span> 
     </span>
     <span class='ocr_line' id='line_1_23' title="bbox 310 3358 1765 3483; baseline 0 -31"><span class='ocrx_word' id='word_1_212' title='bbox 310 3366 446 3453; x_wconf 88' lang='lat' dir='ltr'>donius</span> <span class='ocrx_word' id='word_1_213' title='bbox 479 3373 675 3481; x_wconf 86' lang='lat' dir='ltr'>hospitalis</span> <span class='ocrx_word' id='word_1_214' title='bbox 702 3374 818 3483; x_wconf 83' lang='lat' dir='ltr'>hujus</span> <span class='ocrx_word' id='word_1_215' title='bbox 845 3373 995 3452; x_wconf 89' lang='lat' dir='ltr'>cenobii</span> <span class='ocrx_word' id='word_1_216' title='bbox 1025 3374 1162 3453; x_wconf 82' lang='lat' dir='ltr'>intacta</span> <span class='ocrx_word' id='word_1_217' title='bbox 1187 3358 1388 3466; x_wconf 84' lang='lat' dir='ltr'>remansit,</span> <span class='ocrx_word' id='word_1_218' title='bbox 1422 3376 1579 3454; x_wconf 85' lang='lat' dir='ltr'>credens</span> <span class='ocrx_word' id='word_1_219' title='bbox 1608 3375 1765 3454; x_wconf 76' lang='lat' dir='ltr'>Denm&#39;</span> 
     </span>
     <span class='ocr_line' id='line_1_24' title="bbox 310 3504 1765 3615; baseline 0.003 -34"><span class='ocrx_word' id='word_1_220' title='bbox 310 3505 445 3583; x_wconf 83' lang='lat' dir='ltr'>exinde</span> <span class='ocrx_word' id='word_1_221' title='bbox 472 3505 681 3585; x_wconf 88' lang='lat' dir='ltr'>ostendisse</span> <span class='ocrx_word' id='word_1_222' title='bbox 700 3524 848 3614; x_wconf 83' lang='lat' dir='ltr'>gratnm</span> <span class='ocrx_word' id='word_1_223' title='bbox 869 3504 958 3597; x_wconf 90' lang='lat' dir='ltr'>sibi,</span> <span class='ocrx_word' id='word_1_224' title='bbox 985 3504 1025 3583; x_wconf 93' lang='lat' dir='ltr'>in</span> <span class='ocrx_word' id='word_1_225' title='bbox 1046 3506 1113 3584; x_wconf 88' lang='lat' dir='ltr'>illa</span> <span class='ocrx_word' id='word_1_226' title='bbox 1133 3507 1266 3602; x_wconf 91' lang='lat' dir='ltr'>domo,</span> <span class='ocrx_word' id='word_1_227' title='bbox 1288 3509 1329 3586; x_wconf 91' lang='lat' dir='ltr'>in</span> <span class='ocrx_word' id='word_1_228' title='bbox 1350 3508 1588 3615; x_wconf 87' lang='lat' dir='ltr'>susceptione</span> <span class='ocrx_word' id='word_1_229' title='bbox 1607 3506 1736 3613; x_wconf 86' lang='lat' dir='ltr'>hospi·</span> <span class='ocrx_word' id='word_1_230' title='bbox 1763 3568 1765 3571; x_wconf 84' lang='grc'><strong>-</strong></span> 
     </span>
     <span class='ocr_line' id='line_1_25' title="bbox 311 3636 1735 3748; baseline 0.001 -35"><span class='ocrx_word' id='word_1_231' title='bbox 311 3655 392 3714; x_wconf 91' lang='lat' dir='ltr'>tum</span> <span class='ocrx_word' id='word_1_232' title='bbox 413 3636 641 3745; x_wconf 87' lang='lat' dir='ltr'>obsequium</span> <span class='ocrx_word' id='word_1_233' title='bbox 665 3637 736 3714; x_wconf 89' lang='lat' dir='ltr'>s&#39;ibi</span> <span class='ocrx_word' id='word_1_234' title='bbox 753 3637 942 3715; x_wconf 82' lang='lat' dir='ltr'>exibitum·</span> <span class='ocrx_word' id='word_1_235' title='bbox 956 3637 1083 3716; x_wconf 86' lang='lat' dir='ltr'>fuisse.</span> <span class='ocrx_word' id='word_1_236' title='bbox 1105 3637 1258 3718; x_wconf 88' lang='lat' dir='ltr'>Cartule</span> <span class='ocrx_word' id='word_1_237' title='bbox 1279 3640 1394 3748; x_wconf 88' lang='lat' dir='ltr'>hujus</span> <span class='ocrx_word' id='word_1_238' title='bbox 1410 3636 1639 3730; x_wconf 86' lang='lat' dir='ltr'>traditionis,</span> <span class='ocrx_word' id='word_1_239' title='bbox 1660 3664 1735 3746; x_wconf 90' lang='lat' dir='ltr'>que</span> 
     </span>
     <span class='ocr_line' id='line_1_26' title="bbox 311 3767 1737 3878; baseline 0 -34"><span class='ocrx_word' id='word_1_240' title='bbox 311 3769 404 3846; x_wconf 82' lang='lat' dir='ltr'>l&#39;acta</span> <span class='ocrx_word' id='word_1_241' title='bbox 423 3784 480 3846; x_wconf 88' lang='lat' dir='ltr'>est</span> <span class='ocrx_word' id='word_1_242' title='bbox 498 3784 670 3874; x_wconf 90' lang='lat' dir='ltr'>tempore</span> <span class='ocrx_word' id='word_1_243' title='bbox 688 3769 787 3878; x_wconf 81' lang='lat' dir='ltr'>regis</span> <span class='ocrx_word' id='word_1_244' title='bbox 805 3767 936 3876; x_wconf 85' lang='lat' dir='ltr'>Anglie</span> <span class='ocrx_word' id='word_1_245' title='bbox 953 3769 1154 3875; x_wconf 87' lang='lat' dir='ltr'>Stephani,</span> <span class='ocrx_word' id='word_1_246' title='bbox 1176 3797 1292 3876; x_wconf 84' lang='lat' dir='ltr'>penes</span> <span class='ocrx_word' id='word_1_247' title='bbox 1312 3799 1383 3848; x_wconf 92' lang='lat' dir='ltr'>nos</span> <span class='ocrx_word' id='word_1_248' title='bbox 1403 3770 1610 3861; x_wconf 73' lang='lat' dir='ltr'>habenturr</span> <span class='ocrx_word' id='word_1_249' title='bbox 1634 3767 1737 3846; x_wconf 85' lang='lat' dir='ltr'>simi·</span> 
     </span>
     <span class='ocr_line' id='line_1_27' title="bbox 312 3884 1737 4011; baseline 0.001 -34"><span class='ocrx_word' id='word_1_250' title='bbox 312 3902 399 3979; x_wconf 87' lang='lat' dir='ltr'>liter</span> <span class='ocrx_word' id='word_1_251' title='bbox 412 3917 451 3978; x_wconf 88' lang='lat' dir='ltr'>et</span> <span class='ocrx_word' id='word_1_252' title='bbox 465 3899 770 3978; x_wconf 87' lang='lat' dir='ltr'>confirmationes</span> <span class='ocrx_word' id='word_1_253' title='bbox 781 3897 1013 3988; x_wconf 88' lang='lat' dir='ltr'>Theobaldi,</span> <span class='ocrx_word' id='word_1_254' title='bbox 1031 3899 1312 3980; x_wconf 87' lang='lat' dir='ltr'>Cantuariensis</span> <span class='ocrx_word' id='word_1_255' title='bbox 1326 3884 1606 4011; x_wconf 78' lang='lat' dir='ltr'>archipresulis,</span> <span class='ocrx_word' id='word_1_256' title='bbox 1621 3901 1737 3979; x_wconf 82' lang='lat' dir='ltr'>Anas-</span> 
     </span>
     <span class='ocr_line' id='line_1_28' title="bbox 312 4029 1736 4140; baseline 0.001 -31"><span class='ocrx_word' id='word_1_257' title='bbox 312 4032 394 4110; x_wconf 91' lang='lat' dir='ltr'>tasii</span> <span class='ocrx_word' id='word_1_258' title='bbox 423 4031 547 4140; x_wconf 81' lang='lat' dir='ltr'>quarti</span> <span class='ocrx_word' id='word_1_259' title='bbox 582 4048 620 4108; x_wconf 90' lang='lat' dir='ltr'>et</span> <span class='ocrx_word' id='word_1_260' title='bbox 646 4031 801 4109; x_wconf 87' lang='lat' dir='ltr'>Adriani</span> <span class='ocrx_word' id='word_1_261' title='bbox 829 4033 1087 4110; x_wconf 86' lang='lat' dir='ltr'>Romanorum</span> <span class='ocrx_word' id='word_1_262' title='bbox 1113 4031 1358 4138; x_wconf 79' lang='lat' dir='ltr'>pontificum3</span> <span class='ocrx_word' id='word_1_263' title='bbox 1388 4033 1456 4113; x_wconf 90' lang='lat' dir='ltr'>sed</span> <span class='ocrx_word' id='word_1_264' title='bbox 1486 4062 1588 4111; x_wconf 92' lang='lat' dir='ltr'>nunc</span> <span class='ocrx_word' id='word_1_265' title='bbox 1611 4029 1736 4110; x_wconf 89' lang='lat' dir='ltr'>nichil</span> 
     </span>
     <span class='ocr_line' id='line_1_29' title="bbox 312 4161 1736 4272; baseline 0.001 -33"><span class='ocrx_word' id='word_1_266' title='bbox 312 4163 502 4269; x_wconf 84' lang='lat' dir='ltr'>proiectus</span> <span class='ocrx_word' id='word_1_267' title='bbox 519 4180 725 4270; x_wconf 88' lang='lat' dir='ltr'>reportant,</span> <span class='ocrx_word' id='word_1_268' title='bbox 746 4163 928 4270; x_wconf 91' lang='lat' dir='ltr'>quoniam</span> <span class='ocrx_word' id='word_1_269' title='bbox 944 4190 988 4239; x_wconf 83' lang='lat' dir='ltr'>ex</span> <span class='ocrx_word' id='word_1_270' title='bbox 1003 4161 1079 4240; x_wconf 90' lang='lat' dir='ltr'>illis</span> <span class='ocrx_word' id='word_1_271' title='bbox 1095 4161 1207 4240; x_wconf 89' lang='lat' dir='ltr'>bonis</span> <span class='ocrx_word' id='word_1_272' title='bbox 1221 4162 1292 4241; x_wconf 87' lang='lat' dir='ltr'>alia</span> <span class='ocrx_word' id='word_1_273' title='bbox 1307 4181 1397 4243; x_wconf 90' lang='lat' dir='ltr'>sunt</span> <span class='ocrx_word' id='word_1_274' title='bbox 1410 4163 1568 4243; x_wconf 85' lang='lat' dir='ltr'>cenobia</span> <span class='ocrx_word' id='word_1_275' title='bbox 1582 4161 1736 4272; x_wconf 81' lang='lat' dir='ltr'>Anglica</span> 
     </span>
     <span class='ocr_line' id='line_1_30' title="bbox 313 4293 1738 4402; baseline 0.002 -33"><span class='ocrx_word' id='word_1_276' title='bbox 313 4295 450 4370; x_wconf 89' lang='lat' dir='ltr'>dotata.</span> <span class='ocrx_word' id='word_1_277' title='bbox 468 4294 641 4388; x_wconf 86' lang='lat' dir='ltr'>Qualiter</span> <span class='ocrx_word' id='word_1_278' title='bbox 661 4293 773 4371; x_wconf 90' lang='lat' dir='ltr'>etiam</span> <span class='ocrx_word' id='word_1_279' title='bbox 792 4293 962 4400; x_wconf 87' lang='lat' dir='ltr'>ejusdem</span> <span class='ocrx_word' id='word_1_280' title='bbox 980 4293 1172 4371; x_wconf 82' lang='lat' dir='ltr'>donatoris</span> <span class='ocrx_word' id='word_1_281' title='bbox 1186 4293 1377 4373; x_wconf 90' lang='lat' dir='ltr'>bonorum</span> <span class='ocrx_word' id='word_1_282' title='bbox 1392 4295 1631 4373; x_wconf 80' lang='lat' dir='ltr'>anniversarii</span> <span class='ocrx_word' id='word_1_283' title='bbox 1649 4320 1738 4402; x_wconf 91' lang='lat' dir='ltr'>pro-</span> 
     </span>
     <span class='ocr_line' id='line_1_31' title="bbox 312 4422 1737 4536; baseline 0.003 -38"><span class='ocrx_word' id='word_1_284' title='bbox 312 4423 456 4499; x_wconf 86' lang='lat' dir='ltr'>curatio</span> <span class='ocrx_word' id='word_1_285' title='bbox 483 4424 530 4498; x_wconf 88' lang='lat' dir='ltr'>de</span> <span class='ocrx_word' id='word_1_286' title='bbox 557 4424 722 4531; x_wconf 85' lang='lat' dir='ltr'>ecclesiis</span> <span class='ocrx_word' id='word_1_287' title='bbox 746 4423 939 4530; x_wconf 89' lang='lat' dir='ltr'>premissis</span> <span class='ocrx_word' id='word_1_288' title='bbox 957 4423 1041 4500; x_wconf 87' lang='lat' dir='ltr'>lieri</span> <span class='ocrx_word' id='word_1_289' title='bbox 1062 4422 1216 4518; x_wconf 83' lang='lat' dir='ltr'>debeat,</span> <span class='ocrx_word' id='word_1_290' title='bbox 1241 4423 1282 4503; x_wconf 90' lang='lat' dir='ltr'>in</span> <span class='ocrx_word' id='word_1_291' title='bbox 1306 4425 1573 4536; x_wconf 82' lang='lat' dir='ltr'>martirologiis</span> <span class='ocrx_word' id='word_1_292' title='bbox 1601 4423 1737 4505; x_wconf 89' lang='lat' dir='ltr'>nostris</span> 
     </span>
     <span class='ocr_line' id='line_1_32' title="bbox 312 4530 1566 4660; baseline 0.004 -31"><span class='ocrx_word' id='word_1_293' title='bbox 312 4552 540 4644; x_wconf 88' lang='lat' dir='ltr'>continetur,</span> <span class='ocrx_word' id='word_1_294' title='bbox 567 4571 609 4630; x_wconf 91' lang='lat' dir='ltr'>ut</span> <span class='ocrx_word' id='word_1_295' title='bbox 628 4570 730 4660; x_wconf 87' lang='lat' dir='ltr'>patet</span> <span class='ocrx_word' id='word_1_296' title='bbox 751 4555 925 4633; x_wconf 87' lang='lat' dir='ltr'>intuenti.</span> <span class='ocrx_word' id='word_1_297' title='bbox 1104 4562 1108 4566; x_wconf 79' lang='grc'><strong>’</strong></span> <span class='ocrx_word' id='word_1_298' title='bbox 1549 4530 1566 4565; x_wconf 69' lang='lat'>⁸</span> 
     </span>
    </p>
   </div>
   <div class='ocr_carea' id='block_1_9' title="bbox 356 4713 1499 4833">
    <p class='ocr_par' dir='ltr' id='par_1_9' title="bbox 356 4713 1499 4833">
     <span class='ocr_line' id='line_1_33' title="bbox 356 4713 1499 4833; baseline 0.005 -55"><span class='ocrx_word' id='word_1_299' title='bbox 356 4717 363 4747; x_wconf 81' lang='lat'>¹</span> <span class='ocrx_word' id='word_1_300' title='bbox 388 4716 517 4799; x_wconf 85' lang='lat' dir='ltr'>Legend.</span> <span class='ocrx_word' id='word_1_301' title='bbox 534 4713 608 4778; x_wconf 82' lang='lat' dir='ltr'>Hira</span> <span class='ocrx_word' id='word_1_302' title='bbox 620 4714 665 4779; x_wconf 81' lang='lat' dir='ltr'>vel</span> <span class='ocrx_word' id='word_1_303' title='bbox 682 4717 786 4780; x_wconf 81' lang='lat' dir='ltr'>Hiram</span> <span class='ocrx_word' id='word_1_304' title='bbox 801 4721 916 4833; x_wconf 34' lang='lat' dir='ltr'>deoquo</span> <span class='ocrx_word' id='word_1_305' title='bbox 929 4720 996 4784; x_wconf 82' lang='lat' dir='ltr'>vids</span> <span class='ocrx_word' id='word_1_306' title='bbox 1006 4716 1074 4806; x_wconf 65' lang='lat' dir='ltr'>Ray.</span> <span class='ocrx_word' id='word_1_307' title='bbox 1087 4717 1139 4783; x_wconf 87' lang='lat' dir='ltr'>lib.</span> <span class='ocrx_word' id='word_1_308' title='bbox 1153 4719 1211 4791; x_wconf 79' lang='lat'>111.</span> <span class='ocrx_word' id='word_1_309' title='bbox 1225 4743 1287 4806; x_wconf 77' lang='lat' dir='ltr'>cap.</span> <span class='ocrx_word' id='word_1_310' title='bbox 1305 4720 1324 4784; x_wconf 70' lang='lat' dir='ltr'>&#39;v</span> <span class='ocrx_word' id='word_1_311' title='bbox 1338 4735 1368 4784; x_wconf 87' lang='lat' dir='ltr'>et</span> <span class='ocrx_word' id='word_1_312' title='bbox 1382 4726 1499 4806; x_wconf 76' lang='lat' dir='ltr'>passim.</span> 
     </span>
    </p>
   </div>
   <div class='ocr_carea' id='block_1_10' title="bbox 1346 5108 1372 5149">
    <p class='ocr_par' dir='ltr' id='par_1_10' title="bbox 1346 5108 1372 5149">
     <span class='ocr_line' id='line_1_34' title="bbox 1346 5108 1372 5149; baseline 0 -17"><span class='ocrx_word' id='word_1_313' title='bbox 1346 5108 1372 5149; x_wconf 49' lang='grc' dir='ltr'><em>φ</em></span> 
     </span>
    </p>
   </div>
   <div class='ocr_carea' id='block_1_11' title="bbox 0 0 2251 5842">
    <p class='ocr_par' dir='ltr' id='par_1_11' title="bbox 0 0 2251 5842">
     <span class='ocr_line' id='line_1_35' title="bbox 0 0 2251 5842; baseline 0 0"><span class='ocrx_word' id='word_1_314' title='bbox 0 0 2251 5842; x_wconf 95' lang='lat' dir='ltr'> </span> 
     </span>
    </p>
   </div>
  </div>
 </body>
</html>
