4478 5842
554 473 687 548 PARS
723 474 895 545 PRIMA.
916 515 966 528 -
985 473 1234 561 FOLQUINI
1264 475 1355 546 LIB.
1384 477 1434 546 ΙΙ.
1641 477 1710 546 157

298 615 437 703 vixero,
452 615 552 690 inter
567 614 668 719 ipsos
682 615 888 691 monachos
903 614 1166 719 plenissimum
1183 612 1353 689 debitum
1369 614 1538 690 habeam.
1555 615 1669 706 Quod
1685 615 1713 691 si

300 743 510 849 eontigerit,
525 761 569 818 ut
580 772 668 848 sepe
684 744 824 834 evenit,
843 759 904 835 ut,
918 761 1073 849 propter
1087 743 1266 819 invidiam
1279 742 1336 819 vel
1350 744 1537 819 avaritiam
1549 743 1717 848 preposi-

300 889 437 961 torum,
454 872 501 949 de
511 874 590 979 jam
602 873 704 949 dicto
716 873 945 950 monasterio
960 902 1127 980 egressus
1138 872 1256 962 fuero,
1272 890 1375 964 tunc,
1392 873 1532 978 absque
1546 872 1624 949 ulla
1637 900 1719 948 con-

299 1002 537 1090 tradictione,
557 1003 694 1079 iterum
712 1003 960 1078 hereditatem
978 1032 1101 1079 meam
1118 1004 1307 1108 recipiam.
1325 1005 1373 1079 Et
1386 1004 1455 1078 ista
1471 1001 1718 1079 hereditatula

300 1159 408 1235 parva
422 1131 597 1207 volumus
612 1149 655 1207 ut
670 1131 918 1207 adecclesiam
938 1133 1093 1238 Domini
1105 1132 1304 1208 Salvatoris
1317 1131 1357 1206 in
1373 1132 1579 1208 Steneland
1595 1131 1721 1208 deser·

300 1260 383 1334 viat.
408 1260 446 1335 Si
465 1259 550 1365 quis
571 1287 674 1347 vero,
694 1260 799 1364 quod
815 1259 987 1336 futurum
1004 1289 1081 1337 esse
1101 1289 1177 1337 non
1198 1260 1402 1350 credimus,
1420 1261 1525 1365 quod
1550 1260 1651 1336 ullus
1673 1261 1719 1336 de

302 1389 506 1464 heredibus
524 1388 582 1463 vel
597 1388 874 1492 proheredibus
888 1390 1042 1478 nostris,
1061 1391 1090 1465 si
1103 1391 1172 1465 ista
1188 1390 1310 1466 cautio
1324 1389 1430 1464 firma
1446 1390 1718 1494 perduraverit,

300 1516 358 1592 vel
378 1517 555 1624 quaelihet
569 1518 740 1623 opposita
760 1534 824 1592 aut
844 1535 1015 1593 extranea
1029 1547 1204 1623 persona,
1227 1535 1355 1594 eontra
1371 1519 1466 1594 hanc
1477 1519 1718 1596 traditionem

303 1664 468 1722 nostram
494 1646 770 1723 devotissimam
791 1646 918 1723 venire
943 1648 1228 1753 presumpserit,
1251 1646 1309 1723 vel
1335 1647 1538 1756 infringere
1563 1666 1722 1755 tempta-

301 1777 414 1864 verit,
433 1778 525 1852 iram
554 1776 672 1880 ipsius
689 1775 842 1851 Domini
864 1775 1063 1852 Salvatoris
1085 1777 1156 1852 Dei
1180 1777 1449 1881 omnipotentis
1473 1777 1656 1871 incurrat,
1684 1797 1721 1855 et

300 1923 516 1982 sanctorum
532 1907 631 2012 ejus3
649 1920 688 1981 et
701 1904 865 2009 insuper,
884 1905 1129 2012 distringente
1145 1906 1253 1994 fisco,
1269 1906 1351 1982 auri
1363 1905 1490 1982 uncias
1505 1935 1544 1998 x,
1566 1925 1719 2014 argento

302 2032 471 2138 pondera
493 2050 556 2123 xx,
575 2051 722 2110 coactus
742 2031 900 2124 exolvat,
922 2051 960 2110 et
978 2034 1083 2140 quod
1103 2035 1240 2140 repetit
1259 2035 1467 2111 evindicare
1484 2065 1561 2113 non
1582 2036 1718 2125 valeat3

302 2161 369 2238 sed
387 2189 540 2265 presens
553 2161 706 2239 traditio
722 2164 827 2240 omni
841 2180 1013 2268 tempore
1026 2164 1239 2240 firmissima
1253 2182 1485 2268 permaneat,
1502 2193 1588 2241 cnm
1605 2168 1722 2270 stipu-

303 2289 440 2366 latione
460 2291 629 2369 subnixa.

360 2420 521 2497 «Actum
539 2422 665 2500 Sithiu
680 2424 926 2512 monasterio,
949 2424 989 2499 in
1006 2452 1135 2501 mense
1155 2424 1319 2530 augusti,
1337 2452 1435 2500 anno
1453 2450 1551 2502 xvnr.
1572 2424 1720 2530 imperii

302 2548 517 2636 Hludovici,
538 2551 695 2656 piissimi
715 2553 874 2657 augusti.
1460 2563 1463 2567 ’

360 2736 466 2840 «Ego
487 2732 696 2811 Gomnnrns
715 2735 811 2810 hanc
829 2736 1071 2813 traditionem
1091 2765 1111 2811 a
1132 2763 1193 2811 me
1213 2734 1345 2829 saetam
1371 2764 1607 2843 recognosco.

361 2898 547 3007 «Signum
568 2898 795 2991 Gnnnennrt,
817 2899 887 2975 filii
907 2900 981 2991 sui,
1004 2901 1068 3006 qui
1092 2902 1187 2977 hanc
1210 2900 1452 2978 traditionem
1472 2903 1610 3007 pariter
1635 2903 1723 2980 iecit

303 3027 550 3134 firmavitque.

470 3174 617 3289 «Signum
636 3207 804 3272 Gssnrrms.
825 3209 950 3292 Signum
972 3213 1134 3282 Rromoun.
1156 3209 1281 3291 Signum
1295 3186 1509 3272 Eomeonoms.

386 3348 469 3428 «Ego
488 3349 721 3419 mennnnros,
743 3348 875 3410 sacerdos
890 3360 920 3409 et
933 3347 1109 3415 monachus,
1131 3348 1233 3428 scripsi
1248 3358 1278 3407 et
1296 3346 1484 3428 subscripsi.-

859 3634 862 3640 ·
894 3620 1152 3719 nxxxm

359 3849 556 3927 Dederunt
570 3864 608 3922 et
627 3844 831 3921 Steneland
850 3842 1040 3919 basilicam
1060 3842 1101 3917 in
1120 3842 1265 3919 honore
1278 3840 1431 3918 Domini
1452 3841 1669 3935 Salvatoris,
1685 3862 1722 3922 et

308 3976 408 4053 unde
428 3977 506 4082 ipsa
525 3974 677 4051 basilica
696 3973 822 4048 dotata
847 3999 926 4047 esse
943 3971 1103 4057 videtur,
1130 3987 1168 4046 et
1190 3970 1299 4046 uliam
1319 3987 1464 4075 partem
1483 3971 1719 4061 hereditatis,

306 4106 457 4196 mansis,
474 4103 645 4193 casticiis,
659 4098 881 4190 mobilibus,
895 4096 1174 4189 immobilibus,
1192 4098 1240 4174 ad
1254 4099 1461 4204 integrum
1474 4116 1600 4204 preter
1616 4130 1722 4177 man.

306 4235 415 4341 cipia,
438 4264 520 4340 quae
540 4234 702 4340 ingenua
723 4230 911 4305 dimittere
926 4228 1083 4334 cupiunt
1094 4228 1133 4304 in
1141 4227 1350 4327 ¹elemosina
1365 4227 1479 4333 patris
1498 4229 1721 4308 Thiodberti

306 4383 344 4443 et
362 4365 490 4441 matris
509 4360 700 4440 Bertrudae
719 4377 758 4455 et
775 4358 844 4436 lilii
860 4357 1082 4447 Guntberti,
1104 4375 1148 4435 ut
1174 4359 1263 4435 inde
1285 4357 1446 4437 annuale
1466 4357 1659 4438 celebrent
1681 4362 1720 4437 in

306 4494 511 4572 elemosina
525 4490 701 4568 iratribus
716 4507 754 4567 et
767 4487 1006 4595 pauperihus.
1028 4489 1076 4565 Et
1089 4487 1153 4564 illa
1169 4486 1319 4565 basilica
1333 4488 1381 4564 de
1399 4494 1527 4566 curso¹
1542 4518 1628 4566 cum
1646 4490 1720 4568 cle-

305 4624 391 4702 ricis
407 4653 450 4700 ae
461 4621 659 4701 luminaria
672 4618 856 4698 custodita
868 4618 934 4710 sit,
950 4616 1045 4695 sicut
1057 4645 1181 4695 coram
1196 4617 1362 4697 Domino
1380 4617 1585 4710 Salvatore,
1601 4618 1641 4694 in
1657 4619 1717 4695 die

348 4785 358 4816 ¹
379 4786 472 4870 Supra
485 4786 605 4847 verbum
621 4804 709 4852 cnm,
723 4784 927 4864 scriptumest,
940 4779 1147 4865 idettpsaimis.
