4478 5842
308 478 380 553 528
662 478 1068 551 CHARTULARIUM
1096 477 1375 552 SITHIENSE.

305 621 508 728 patrocinia
527 620 598 698 sibi
619 620 838 711 concilians,
855 650 985 727 pacem
999 621 1154 698 tandem
1175 650 1261 697 cum
1275 620 1455 698 omnibus
1476 620 1578 710 lecit,
1597 637 1635 697 et
1652 648 1728 696 non

304 755 384 830 sine
406 781 542 860 magno
562 753 691 830 labore
710 769 748 828 et
772 754 958 857 expensis,
980 780 1001 827 a
1026 753 1131 829 novis
1158 751 1325 858 patronis
1346 780 1458 828 novas
1478 768 1594 828 cartas
1613 751 1732 859 impe-

304 899 424 972 trans,
450 884 554 990 quod
578 883 694 960 semel
717 883 946 990 adquisierat
965 893 1181 960 conservare
1205 883 1351 960 studuit
1370 900 1408 960 et
1427 882 1662 960 confirmare.
1685 885 1733 960 Et

304 1031 345 1088 ut
371 1015 534 1091 breviter
556 1015 603 1090 de
633 1017 713 1123 ejus
736 1013 880 1090 actibus
907 1005 1147 1105 concludam,
1171 1042 1364 1122 nunquam
1390 1013 1518 1121 aliquo
1537 1013 1730 1122 regiminis

304 1145 360 1218 sui
377 1164 565 1251 tempore,
584 1146 616 1223 si
632 1174 744 1223 sanus
761 1162 799 1221 et
814 1143 1015 1222 incolumis
1035 1143 1121 1236 luit,
1139 1146 1221 1222 ocio
1236 1145 1298 1227 vel
1311 1145 1429 1253 quieti
1442 1172 1570 1233 ,vacare
1586 1146 1728 1251 potuit,

304 1276 371 1395 sed
391 1305 541 1383 semper
564 1279 715 1384 propria
739 1276 797 1352 vel
817 1275 938 1353 aliena
961 1277 1109 1383 negotia
1128 1292 1300 1364 tractare,
1329 1275 1493 1353 consiliis
1517 1274 1729 1382 principum

304 1406 500 1498 interesse,
522 1436 731 1516 eorumque
752 1407 947 1515 negotium
965 1406 1012 1482 de
1029 1435 1147 1514 regno
1167 1407 1215 1483 ad
1230 1435 1389 1512 regnum
1408 1394 1731 1484 solebat‘circum-

303 1535 422 1623 serre;
450 1557 487 1613 et
511 1567 597 1614 curn
623 1537 713 1613 alias
738 1537 794 1612 vir
812 1536 995 1611 honestus
1022 1552 1060 1611 et
1083 1535 1282 1640 religiosus
1306 1549 1418 1623 esset,
1447 1536 1487 1611 in
1510 1538 1584 1613 hoc
1603 1553 1730 1613 tamen

304 1666 610 1772 reprehensibilis
629 1667 838 1759 videbatur,
862 1665 969 1773 quod
987 1664 1026 1740 in
1041 1664 1195 1757 talibus,
1219 1681 1262 1740 ut
1281 1666 1436 1771 quidam
1458 1663 1624 1757 aiebant,
1646 1666 1732 1773 plus

309 1826 407 1906 equo
429 1796 670 1902 gloriabatur.
1651 1812 1653 1816 “

959 1993 1080 2069 VIII.

344 2175 484 2227 ouamrca
514 2175 604 2216 annas
626 2174 734 2216 rosana
761 2174 880 2217 strumo
904 2174 978 2215 aure
998 2173 1113 2215 onrruu
1135 2173 1241 2216 canum
1263 2174 1345 2223 vrso,
1373 2175 1408 2215 rr
1429 2176 1466 2215 ne
1489 2174 1689 2217 usunrarroue

930 2277 1105 2329 acronium.

363 2459 421 2534 Ad
432 2478 586 2563 paterne
603 2456 865 2564 correptionis,
882 2472 926 2533 ut
940 2456 1118 2545 creditur,
1133 2457 1300 2563 signum,
1315 2457 1403 2563 quia
1417 2455 1457 2532 in
1474 2484 1731 2564 supramemo-

304 2590 392 2666 ratis
407 2588 591 2666 exercitiis
603 2586 712 2693 culpa
729 2587 860 2664 deesse
876 2615 954 2663 non
967 2604 1130 2692 poterat,
1153 2587 1320 2664 secundo
1340 2587 1398 2665 vel
1410 2587 1552 2693 'parum
1567 2587 1730 2693 amplius

305 2737 390 2794 arrte
407 2719 555 2795 obitum
570 2746 682 2794 suum
699 2744 815 2808 anno,
832 2718 1084 2823 corporalium
1101 2717 1296 2795 oculorum
1314 2718 1446 2795 lumen
1461 2718 1605 2806 amisit;
1623 2717 1731 2823 quod

304 2867 451 2939 tamen,
475 2849 588 2924 unius
610 2849 697 2923 anni
722 2849 841 2955 spatio
865 2848 1032 2939 evoluto,
1055 2847 1345 2925 medicinalibus
1365 2847 1543 2926 lomentis
1557 2847 1728 2955 adjutus,

305 2980 373 3054 etsi
395 3009 471 3056 non
493 2981 588 3056 adeo
608 2979 706 3056 clare
725 2999 768 3056 ut
787 2981 907 3086 prius,
931 3008 998 3086 per
1012 2980 1083 3057 Dei
1103 2980 1277 3088 gratiam,
1299 2981 1541 3088 recuperavit.
1566 2980 1727 3070 Interea,

305 3111 411 3215 quia,
433 3127 588 3215 propter
604 3108 792 3186 defectum
815 3110 1069 3218 corporalem,
1096 3140 1165 3188 nec
1185 3111 1429 3189 interioribus
1450 3139 1520 3187 nec
1540 3110 1732 3188 exteriori-

304 3241 391 3328 bus,
423 3242 519 3318 sicut
550 3252 807 3332 consueverat,
839 3243 1036 3319 intendere
1061 3260 1223 3349 poterat,
1244 3242 1352 3350 cepit
1383 3260 1421 3320 et
1443 3242 1602 3320 interius
1631 3241 1731 3348 rigor

306 3371 451 3448 ordinis
475 3371 754 3478 aliquantulum
774 3371 948 3465 relaxari,
970 3389 1008 3450 et
1030 3367 1193 3451 exterius
1207 3374 1487 3481 possessionum
1507 3372 1730 3482 gubernatio

305 3502 520 3607 periclitari.
544 3503 805 3582 Theodericus
825 3495 947 3595 enim,
974 3532 1101 3582 comes
1122 3504 1316 3595 Flandrie,
1338 3533 1425 3581 cum
1449 3502 1625 3610 Philippo
1650 3502 1730 3587 lilio

306 3662 393 3724 suo,
423 3639 460 3708 in
484 3633 680 3739 parrochia
704 3636 820 3713 sancti
840 3634 1071 3714 Villebrordi
1096 3663 1230 3713 novam
1252 3634 1379 3713 villam
1401 3634 1522 3713 facere
1542 3634 1728 3722 volentes,

307 3792 479 3872 magnam
501 3764 701 3871 berquarie
722 3782 886 3872 partem,
917 3785 1032 3872 quam
1051 3765 1238 3844 Robertus
1258 3794 1403 3857 comes,
1427 3794 1495 3873 pro
1519 3766 1642 3842 anima
1660 3763 1730 3840 filii

306 3895 362 3973 sui
384 3894 572 3973 Willelmi
584 3895 711 4002 pueri,
728 3897 796 4002 qui
812 3913 898 3973 ente
913 3895 1150 4004 capitaneum
1164 3897 1279 3976 altare
1294 3897 1465 4004 sepultus
1475 3897 1591 4004 jacet,
1612 3895 1729 3986 dedit,

307 4025 493 4101 violenter
507 4025 780 4137 usurpavitet
799 4019 1015 4135 usurpatam
1036 4029 1174 4137 injuste
1197 4029 1360 4107 retinere
1383 4045 1421 4107 et
1441 4027 1633 4135 possidere
1653 4041 1731 4102 non

307 4154 601 4234 abhorruerunt.
619 4157 667 4235 At
683 4173 829 4248 contra,
850 4186 962 4236 senex
980 4159 1160 4254 Leonius,
1177 4160 1243 4268 qui
1264 4186 1414 4267 semper
1435 4159 1475 4236 in
1493 4156 1672 4247 adversis,
1689 4173 1732 4232 ut

306 4286 367 4362 leo
381 4287 500 4375 sortis,
519 4315 599 4366 esse
612 4286 758 4367 solebat
772 4306 810 4366 et
825 4289 1049 4398 intrepidus,
1064 4292 1132 4368 etsi
1145 4293 1241 4369 vires
1256 4291 1455 4369 resistendi
1467 4288 1549 4367 nori
1561 4285 1729 4381 haberet,

305 4417 344 4535 in
365 4434 552 4521 quantum
567 4419 694 4527 potuit
705 4421 929 4499 reclamavit.
943 4421 1037 4515 Qui,
1054 4449 1124 4499 nec
1138 4419 1257 4499 labori
1272 4450 1343 4500 nec
1361 4421 1450 4500 etati
1466 4449 1537 4498 nec
1551 4419 1730 4524 corporee

240 4562 249 4589 ¹
305 4545 514 4624 infirmitati
542 4577 715 4656 parcens,
741 4552 920 4630 comitem
941 4551 1048 4644 adiit,
1076 4581 1164 4631 eum
1189 4569 1404 4631 constanter
1424 4538 1585 4662 arguens
1602 4566 1731 4628 'et-res

305 4675 461 4755 ecclesie
480 4706 546 4756 sue
565 4695 647 4757 toto
665 4683 862 4762 conamine
882 4666 1091 4791 requirens.
1117 4684 1245 4777 Quem
1264 4712 1408 4776 comes,
1431 4685 1515 4762 tum
1534 4712 1602 4791 pro
1623 4681 1730 4759 etatis

302 4809 529 4899 reverentia,
543 4826 629 4889 tum
645 4838 714 4918 pro
731 4784 887 4920 abtique
905 4812 1167 4898 familiaritatis
1186 4814 1367 4906 amicitia,
1387 4814 1551 4922 benigne
1575 4811 1730 4919 suscipi·
