<?xml version="1.0" encoding="UTF-8"?>
<!DOCTYPE html PUBLIC "-//W3C//DTD XHTML 1.0 Transitional//EN"
    "http://www.w3.org/TR/xhtml1/DTD/xhtml1-transitional.dtd">
<html xmlns="http://www.w3.org/1999/xhtml" xml:lang="en" lang="en">
 <head>
  <title>
</title>
<meta http-equiv="Content-Type" content="text/html;charset=utf-8" />
  <meta name='ocr-system' content='tesseract 3.04.00' />
  <meta name='ocr-capabilities' content='ocr_page ocr_carea ocr_par ocr_line ocrx_word'/>
</head>
<body>
  <div class='ocr_page' id='page_1' title='image "./cartulairedelab00frangoog_0271.png"; bbox 0 0 4478 5842; ppageno 0'>
   <div class='ocr_carea' id='block_1_1' title="bbox 343 1795 406 1848">
    <p class='ocr_par' dir='ltr' id='par_1_1' title="bbox 343 1795 406 1848">
     <span class='ocr_line' id='line_1_1' title="bbox 343 1795 406 1848; baseline 0.016 -1"><span class='ocrx_word' id='word_1_1' title='bbox 343 1795 406 1848; x_wconf 79' lang='lat'><strong>838.</strong></span> 
     </span>
    </p>
   </div>
   <div class='ocr_carea' id='block_1_2' title="bbox 517 457 1924 701">
    <p class='ocr_par' dir='ltr' id='par_1_2' title="bbox 517 457 1924 701">
     <span class='ocr_line' id='line_1_2' title="bbox 517 457 1702 533; baseline -0.002 -8"><span class='ocrx_word' id='word_1_2' title='bbox 517 460 586 527; x_wconf 86' lang='lat'>160</span> <span class='ocrx_word' id='word_1_3' title='bbox 863 457 1270 533; x_wconf 80' lang='lat' dir='ltr'>CHARTULARIUM</span> <span class='ocrx_word' id='word_1_4' title='bbox 1297 459 1575 532; x_wconf 82' lang='lat' dir='ltr'>SITHIENSE.</span> <span class='ocrx_word' id='word_1_5' title='bbox 1698 517 1702 523; x_wconf 88' lang='lat'><em>.</em></span> 
     </span>
     <span class='ocr_line' id='line_1_3' title="bbox 567 593 1924 701; baseline 0.003 -32"><span class='ocrx_word' id='word_1_6' title='bbox 567 632 578 660; x_wconf 65' lang='lat' dir='ltr'>a</span> <span class='ocrx_word' id='word_1_7' title='bbox 593 593 687 670; x_wconf 91' lang='lat' dir='ltr'>Data</span> <span class='ocrx_word' id='word_1_8' title='bbox 703 622 749 674; x_wconf 83' lang='lat' dir='ltr'>vr.</span> <span class='ocrx_word' id='word_1_9' title='bbox 766 596 854 698; x_wconf 88' lang='lat' dir='ltr'>idus</span> <span class='ocrx_word' id='word_1_10' title='bbox 869 597 1100 688; x_wconf 87' lang='lat' dir='ltr'>novembris,</span> <span class='ocrx_word' id='word_1_11' title='bbox 1118 626 1216 675; x_wconf 87' lang='lat' dir='ltr'>auno</span> <span class='ocrx_word' id='word_1_12' title='bbox 1234 624 1292 677; x_wconf 85' lang='lat' dir='ltr'>xv.</span> <span class='ocrx_word' id='word_1_13' title='bbox 1317 597 1447 674; x_wconf 89' lang='lat' dir='ltr'>domni</span> <span class='ocrx_word' id='word_1_14' title='bbox 1464 595 1662 673; x_wconf 90' lang='lat' dir='ltr'>Hludovici</span> <span class='ocrx_word' id='word_1_15' title='bbox 1677 597 1924 701; x_wconf 87' lang='lat' dir='ltr'>imperatoris.</span> 
     </span>
    </p>
   </div>
   <div class='ocr_carea' id='block_1_3' title="bbox 566 759 1697 870">
    <p class='ocr_par' dir='ltr' id='par_1_3' title="bbox 566 759 1697 870">
     <span class='ocr_line' id='line_1_4' title="bbox 566 759 1697 870; baseline 0.003 -36"><span class='ocrx_word' id='word_1_16' title='bbox 566 797 577 825; x_wconf 68' lang='lat' dir='ltr'>a</span> <span class='ocrx_word' id='word_1_17' title='bbox 593 759 753 867; x_wconf 87' lang='lat' dir='ltr'>Signum</span> <span class='ocrx_word' id='word_1_18' title='bbox 765 761 961 853; x_wconf 80' lang='lat' dir='ltr'>Gorsnnrr,</span> <span class='ocrx_word' id='word_1_19' title='bbox 983 765 1048 870; x_wconf 90' lang='lat' dir='ltr'>qui</span> <span class='ocrx_word' id='word_1_20' title='bbox 1069 766 1166 840; x_wconf 90' lang='lat' dir='ltr'>hanc</span> <span class='ocrx_word' id='word_1_21' title='bbox 1184 765 1428 840; x_wconf 81' lang='lat' dir='ltr'>traditionem</span> <span class='ocrx_word' id='word_1_22' title='bbox 1445 762 1527 838; x_wconf 87' lang='lat' dir='ltr'>fieri</span> <span class='ocrx_word' id='word_1_23' title='bbox 1548 760 1697 870; x_wconf 90' lang='lat' dir='ltr'>rogavit.</span> 
     </span>
    </p>
   </div>
   <div class='ocr_carea' id='block_1_4' title="bbox 677 928 1926 1128">
    <p class='ocr_par' dir='ltr' id='par_1_4' title="bbox 677 928 1926 1128">
     <span class='ocr_line' id='line_1_5' title="bbox 677 928 1926 1029; baseline -0.002 -25"><span class='ocrx_word' id='word_1_24' title='bbox 677 945 824 1026; x_wconf 79' lang='lat' dir='ltr'>«Signum</span> <span class='ocrx_word' id='word_1_25' title='bbox 842 928 1028 1014; x_wconf 54' lang='lat' dir='ltr'>G&#39;uvrnsnrr,</span> <span class='ocrx_word' id='word_1_26' title='bbox 1051 945 1104 1005; x_wconf 86' lang='lat' dir='ltr'>filii</span> <span class='ocrx_word' id='word_1_27' title='bbox 1125 949 1205 1029; x_wconf 89' lang='lat' dir='ltr'>ejus,</span> <span class='ocrx_word' id='word_1_28' title='bbox 1227 947 1444 1006; x_wconf 84' lang='lat' dir='ltr'>consentientis.</span> <span class='ocrx_word' id='word_1_29' title='bbox 1474 944 1597 1027; x_wconf 84' lang='lat' dir='ltr'>Signum</span> <span class='ocrx_word' id='word_1_30' title='bbox 1624 943 1794 1012; x_wconf 75' lang='lat' dir='ltr'>Hsuauaru,</span> <span class='ocrx_word' id='word_1_31' title='bbox 1814 945 1926 1026; x_wconf 75' lang='lat' dir='ltr'>nepotis</span> 
     </span>
     <span class='ocr_line' id='line_1_6' title="bbox 720 1046 1693 1128; baseline 0.001 -23"><span class='ocrx_word' id='word_1_32' title='bbox 720 1049 797 1127; x_wconf 89' lang='lat' dir='ltr'>ejus,</span> <span class='ocrx_word' id='word_1_33' title='bbox 817 1049 1034 1108; x_wconf 88' lang='lat' dir='ltr'>consentientis.</span> <span class='ocrx_word' id='word_1_34' title='bbox 1058 1046 1182 1127; x_wconf 90' lang='lat' dir='ltr'>Signum</span> <span class='ocrx_word' id='word_1_35' title='bbox 1205 1049 1394 1109; x_wconf 76' lang='lat' dir='ltr'>Vumscocrr.</span> <span class='ocrx_word' id='word_1_36' title='bbox 1418 1047 1544 1128; x_wconf 85' lang='lat' dir='ltr'>Signum</span> <span class='ocrx_word' id='word_1_37' title='bbox 1563 1047 1693 1107; x_wconf 80' lang='lat' dir='ltr'>Nrrocrr.</span> 
     </span>
    </p>
   </div>
   <div class='ocr_carea' id='block_1_5' title="bbox 520 1183 1360 1266">
    <p class='ocr_par' dir='ltr' id='par_1_5' title="bbox 520 1183 1360 1266">
     <span class='ocr_line' id='line_1_7' title="bbox 520 1183 1360 1266; baseline 0.006 -27"><span class='ocrx_word' id='word_1_38' title='bbox 520 1204 524 1211; x_wconf 57' lang='lat'>¹</span> <span class='ocrx_word' id='word_1_39' title='bbox 593 1183 803 1249; x_wconf 56' lang='lat' dir='ltr'>associatus,</span> <span class='ocrx_word' id='word_1_40' title='bbox 819 1185 968 1264; x_wconf 87' lang='lat' dir='ltr'>presbiter,</span> <span class='ocrx_word' id='word_1_41' title='bbox 991 1187 1104 1266; x_wconf 80' lang='lat' dir='ltr'>scripsit</span> <span class='ocrx_word' id='word_1_42' title='bbox 1117 1197 1146 1245; x_wconf 89' lang='lat' dir='ltr'>et</span> <span class='ocrx_word' id='word_1_43' title='bbox 1157 1185 1360 1266; x_wconf 79' lang='lat' dir='ltr'>subscripsit.»</span> 
     </span>
    </p>
   </div>
   <div class='ocr_carea' id='block_1_6' title="bbox 1091 1433 1344 1510">
    <p class='ocr_par' dir='ltr' id='par_1_6' title="bbox 1091 1433 1344 1510">
     <span class='ocr_line' id='line_1_8' title="bbox 1091 1433 1344 1510; baseline 0 -1"><span class='ocrx_word' id='word_1_44' title='bbox 1091 1433 1344 1510; x_wconf 85' lang='lat' dir='ltr'><strong>LXXXVII.</strong></span> 
     </span>
    </p>
   </div>
   <div class='ocr_carea' id='block_1_7' title="bbox 1058 1616 1376 1656">
    <p class='ocr_par' dir='ltr' id='par_1_7' title="bbox 1058 1616 1376 1656">
     <span class='ocr_line' id='line_1_9' title="bbox 1058 1616 1376 1656; baseline 0 -2"><span class='ocrx_word' id='word_1_45' title='bbox 1058 1616 1093 1654; x_wconf 84' lang='lat' dir='ltr'>DE</span> <span class='ocrx_word' id='word_1_46' title='bbox 1116 1616 1211 1656; x_wconf 71' lang='lat' dir='ltr'>stoma</span> <span class='ocrx_word' id='word_1_47' title='bbox 1231 1617 1376 1656; x_wconf 74' lang='lat' dir='ltr'>Gorscn&#39;rl.</span> 
     </span>
    </p>
   </div>
   <div class='ocr_carea' id='block_1_8' title="bbox 503 1747 1923 2914">
    <p class='ocr_par' dir='ltr' id='par_1_8' title="bbox 503 1747 1923 2914">
     <span class='ocr_line' id='line_1_10' title="bbox 561 1747 1923 1864; baseline 0.005 -18"><span class='ocrx_word' id='word_1_48' title='bbox 561 1771 671 1849; x_wconf 82' lang='lat' dir='ltr'>Anno</span> <span class='ocrx_word' id='word_1_49' title='bbox 696 1773 849 1848; x_wconf 89' lang='lat' dir='ltr'>Domini</span> <span class='ocrx_word' id='word_1_50' title='bbox 874 1798 1137 1862; x_wconf 64' lang='lat' dir='ltr'>noceremus,</span> <span class='ocrx_word' id='word_1_51' title='bbox 1160 1774 1426 1849; x_wconf 83' lang='lat' dir='ltr'>incarnationis</span> <span class='ocrx_word' id='word_1_52' title='bbox 1448 1775 1625 1864; x_wconf 84' lang='lat' dir='ltr'>Domini,</span> <span class='ocrx_word' id='word_1_53' title='bbox 1655 1747 1923 1853; x_wconf 42' lang='lat' dir='ltr'>xvrskalendas</span> 
     </span>
     <span class='ocr_line' id='line_1_11' title="bbox 505 1901 1919 2009; baseline 0 -31"><span class='ocrx_word' id='word_1_54' title='bbox 505 1902 599 1991; x_wconf 86' lang='lat' dir='ltr'>mai,</span> <span class='ocrx_word' id='word_1_55' title='bbox 629 1928 693 1978; x_wconf 86' lang='lat'>1111.</span> <span class='ocrx_word' id='word_1_56' title='bbox 715 1901 825 1988; x_wconf 85' lang='lat' dir='ltr'>feria,</span> <span class='ocrx_word' id='word_1_57' title='bbox 857 1902 1067 1978; x_wconf 86' lang='lat' dir='ltr'>ebdomada</span> <span class='ocrx_word' id='word_1_58' title='bbox 1088 1929 1125 1978; x_wconf 92' lang='lat'>11.</span> <span class='ocrx_word' id='word_1_59' title='bbox 1148 1903 1300 2008; x_wconf 83' lang='lat' dir='ltr'>pasche,</span> <span class='ocrx_word' id='word_1_60' title='bbox 1323 1903 1476 2009; x_wconf 83' lang='lat' dir='ltr'>quando</span> <span class='ocrx_word' id='word_1_61' title='bbox 1496 1905 1536 1979; x_wconf 93' lang='lat' dir='ltr'>in</span> <span class='ocrx_word' id='word_1_62' title='bbox 1559 1904 1786 1981; x_wconf 85' lang='lat' dir='ltr'>monasterio</span> <span class='ocrx_word' id='word_1_63' title='bbox 1805 1905 1919 1981; x_wconf 90' lang='lat' dir='ltr'>sancti</span> 
     </span>
     <span class='ocr_line' id='line_1_12' title="bbox 504 2029 1921 2123; baseline 0.003 -18"><span class='ocrx_word' id='word_1_64' title='bbox 504 2029 708 2107; x_wconf 85' lang='lat' dir='ltr'>Audomari</span> <span class='ocrx_word' id='word_1_65' title='bbox 735 2031 774 2105; x_wconf 91' lang='lat' dir='ltr'>in</span> <span class='ocrx_word' id='word_1_66' title='bbox 801 2049 928 2107; x_wconf 88' lang='lat' dir='ltr'>monte</span> <span class='ocrx_word' id='word_1_67' title='bbox 955 2030 1163 2108; x_wconf 87' lang='lat' dir='ltr'>Goibertus</span> <span class='ocrx_word' id='word_1_68' title='bbox 1182 2032 1395 2110; x_wconf 84' lang='lat' dir='ltr'>infirmatus</span> <span class='ocrx_word' id='word_1_69' title='bbox 1418 2033 1511 2123; x_wconf 84' lang='lat' dir='ltr'>fuit,</span> <span class='ocrx_word' id='word_1_70' title='bbox 1538 2034 1719 2111; x_wconf 89' lang='lat' dir='ltr'>suadente</span> <span class='ocrx_word' id='word_1_71' title='bbox 1745 2032 1825 2111; x_wconf 88' lang='lat' dir='ltr'>{ilio</span> <span class='ocrx_word' id='word_1_72' title='bbox 1851 2061 1921 2110; x_wconf 91' lang='lat' dir='ltr'>suo</span> 
     </span>
     <span class='ocr_line' id='line_1_13' title="bbox 504 2159 1921 2268; baseline 0.001 -31"><span class='ocrx_word' id='word_1_73' title='bbox 504 2160 748 2250; x_wconf 87' lang='lat' dir='ltr'>Gundberto,</span> <span class='ocrx_word' id='word_1_74' title='bbox 772 2159 916 2236; x_wconf 88' lang='lat' dir='ltr'>dimisit</span> <span class='ocrx_word' id='word_1_75' title='bbox 934 2188 980 2238; x_wconf 84' lang='lat' dir='ltr'>xv</span> <span class='ocrx_word' id='word_1_76' title='bbox 997 2161 1181 2267; x_wconf 88' lang='lat' dir='ltr'>mancipia</span> <span class='ocrx_word' id='word_1_77' title='bbox 1201 2162 1363 2268; x_wconf 89' lang='lat' dir='ltr'>ingenua</span> <span class='ocrx_word' id='word_1_78' title='bbox 1383 2163 1431 2237; x_wconf 89' lang='lat' dir='ltr'>ad</span> <span class='ocrx_word' id='word_1_79' title='bbox 1449 2162 1640 2239; x_wconf 89' lang='lat' dir='ltr'>basilicam</span> <span class='ocrx_word' id='word_1_80' title='bbox 1661 2164 1816 2239; x_wconf 91' lang='lat' dir='ltr'>Domini</span> <span class='ocrx_word' id='word_1_81' title='bbox 1842 2163 1921 2241; x_wconf 83' lang='lat' dir='ltr'>sat-</span> 
     </span>
     <span class='ocr_line' id='line_1_14' title="bbox 503 2288 1920 2379; baseline 0.004 -16"><span class='ocrx_word' id='word_1_82' title='bbox 503 2289 638 2365; x_wconf 89' lang='lat' dir='ltr'>vatoris</span> <span class='ocrx_word' id='word_1_83' title='bbox 663 2290 703 2364; x_wconf 93' lang='lat' dir='ltr'>in</span> <span class='ocrx_word' id='word_1_84' title='bbox 725 2288 949 2379; x_wconf 87' lang='lat' dir='ltr'>Steneland,</span> <span class='ocrx_word' id='word_1_85' title='bbox 972 2291 1042 2365; x_wconf 93' lang='lat' dir='ltr'>sub</span> <span class='ocrx_word' id='word_1_86' title='bbox 1067 2319 1182 2367; x_wconf 91' lang='lat' dir='ltr'>ceusu</span> <span class='ocrx_word' id='word_1_87' title='bbox 1203 2290 1423 2378; x_wconf 90' lang='lat' dir='ltr'>luminari0‚</span> <span class='ocrx_word' id='word_1_88' title='bbox 1445 2291 1492 2366; x_wconf 88' lang='lat' dir='ltr'>ad</span> <span class='ocrx_word' id='word_1_89' title='bbox 1517 2290 1690 2368; x_wconf 88' lang='lat' dir='ltr'>denarios</span> <span class='ocrx_word' id='word_1_90' title='bbox 1716 2317 1780 2367; x_wconf 89' lang='lat' dir='ltr'>nn.</span> <span class='ocrx_word' id='word_1_91' title='bbox 1810 2290 1920 2368; x_wconf 85' lang='lat' dir='ltr'>Anno</span> 
     </span>
     <span class='ocr_line' id='line_1_15' title="bbox 505 2420 1922 2525; baseline 0.001 -30"><span class='ocrx_word' id='word_1_92' title='bbox 505 2421 640 2496; x_wconf 90' lang='lat' dir='ltr'>eodem</span> <span class='ocrx_word' id='word_1_93' title='bbox 670 2421 868 2525; x_wconf 81' lang='lat' dir='ltr'>posthoc,</span> <span class='ocrx_word' id='word_1_94' title='bbox 905 2420 944 2493; x_wconf 92' lang='lat' dir='ltr'>in</span> <span class='ocrx_word' id='word_1_95' title='bbox 974 2448 1103 2496; x_wconf 89' lang='lat' dir='ltr'>mense</span> <span class='ocrx_word' id='word_1_96' title='bbox 1132 2420 1372 2507; x_wconf 85' lang='lat' dir='ltr'>novembrio,</span> <span class='ocrx_word' id='word_1_97' title='bbox 1400 2450 1487 2496; x_wconf 91' lang='lat' dir='ltr'>cum</span> <span class='ocrx_word' id='word_1_98' title='bbox 1506 2421 1718 2497; x_wconf 88' lang='lat' dir='ltr'>infirmatus</span> <span class='ocrx_word' id='word_1_99' title='bbox 1746 2421 1922 2498; x_wconf 88' lang='lat' dir='ltr'>sensisset</span> 
     </span>
     <span class='ocr_line' id='line_1_16' title="bbox 504 2547 1917 2656; baseline 0.001 -32"><span class='ocrx_word' id='word_1_100' title='bbox 504 2550 804 2656; x_wconf 84' lang='lat' dir='ltr'>appropinquare</span> <span class='ocrx_word' id='word_1_101' title='bbox 836 2547 937 2625; x_wconf 89' lang='lat' dir='ltr'>diem</span> <span class='ocrx_word' id='word_1_102' title='bbox 963 2548 1090 2626; x_wconf 91' lang='lat' dir='ltr'>obitus</span> <span class='ocrx_word' id='word_1_103' title='bbox 1113 2549 1188 2640; x_wconf 89' lang='lat' dir='ltr'>sui,</span> <span class='ocrx_word' id='word_1_104' title='bbox 1219 2549 1414 2654; x_wconf 88' lang='lat' dir='ltr'>descripsit</span> <span class='ocrx_word' id='word_1_105' title='bbox 1432 2550 1511 2655; x_wconf 90' lang='lat' dir='ltr'>ipse</span> <span class='ocrx_word' id='word_1_106' title='bbox 1531 2551 1680 2656; x_wconf 91' lang='lat' dir='ltr'>propria</span> <span class='ocrx_word' id='word_1_107' title='bbox 1708 2578 1846 2637; x_wconf 86' lang='lat' dir='ltr'>manu,</span> <span class='ocrx_word' id='word_1_108' title='bbox 1877 2550 1917 2626; x_wconf 92' lang='lat' dir='ltr'>in</span> 
     </span>
     <span class='ocr_line' id='line_1_17' title="bbox 504 2678 1920 2785; baseline 0.001 -31"><span class='ocrx_word' id='word_1_109' title='bbox 504 2678 643 2757; x_wconf 86' lang='lat' dir='ltr'>tabulis</span> <span class='ocrx_word' id='word_1_110' title='bbox 670 2680 817 2770; x_wconf 84' lang='lat' dir='ltr'>ceratis,</span> <span class='ocrx_word' id='word_1_111' title='bbox 844 2707 927 2785; x_wconf 84' lang='lat' dir='ltr'>quoe</span> <span class='ocrx_word' id='word_1_112' title='bbox 948 2680 1109 2756; x_wconf 79' lang='lat' dir='ltr'>exterius</span> <span class='ocrx_word' id='word_1_113' title='bbox 1128 2678 1253 2756; x_wconf 78' lang='lat' dir='ltr'>celatae</span> <span class='ocrx_word' id='word_1_114' title='bbox 1273 2696 1377 2757; x_wconf 88' lang='lat' dir='ltr'>erant</span> <span class='ocrx_word' id='word_1_115' title='bbox 1400 2679 1568 2757; x_wconf 84' lang='lat' dir='ltr'>barbulis</span> <span class='ocrx_word' id='word_1_116' title='bbox 1592 2679 1700 2757; x_wconf 89' lang='lat' dir='ltr'>crassi</span> <span class='ocrx_word' id='word_1_117' title='bbox 1720 2679 1851 2784; x_wconf 89' lang='lat' dir='ltr'>piscis,</span> <span class='ocrx_word' id='word_1_118' title='bbox 1881 2696 1920 2755; x_wconf 90' lang='lat' dir='ltr'>et</span> 
     </span>
     <span class='ocr_line' id='line_1_18' title="bbox 505 2807 1918 2914; baseline -0.001 -28"><span class='ocrx_word' id='word_1_119' title='bbox 505 2812 638 2887; x_wconf 89' lang='lat' dir='ltr'>subtus</span> <span class='ocrx_word' id='word_1_120' title='bbox 659 2811 843 2886; x_wconf 86' lang='lat' dir='ltr'>deauratae</span> <span class='ocrx_word' id='word_1_121' title='bbox 869 2826 993 2899; x_wconf 87' lang='lat' dir='ltr'>erant,</span> <span class='ocrx_word' id='word_1_122' title='bbox 1015 2807 1176 2914; x_wconf 90' lang='lat' dir='ltr'>qualiter</span> <span class='ocrx_word' id='word_1_123' title='bbox 1195 2839 1279 2887; x_wconf 86' lang='lat' dir='ltr'>suas</span> <span class='ocrx_word' id='word_1_124' title='bbox 1296 2839 1356 2887; x_wconf 90' lang='lat' dir='ltr'>res</span> <span class='ocrx_word' id='word_1_125' title='bbox 1380 2838 1496 2886; x_wconf 86' lang='lat' dir='ltr'>manu</span> <span class='ocrx_word' id='word_1_126' title='bbox 1521 2809 1627 2886; x_wconf 89' lang='lat' dir='ltr'>tercii</span> <span class='ocrx_word' id='word_1_127' title='bbox 1658 2808 1716 2886; x_wconf 90' lang='lat' dir='ltr'>sui</span> <span class='ocrx_word' id='word_1_128' title='bbox 1745 2808 1918 2913; x_wconf 88' lang='lat' dir='ltr'>dispone-</span> 
     </span>
    </p>
   </div>
   <div class='ocr_carea' id='block_1_9' title="bbox 405 2936 1920 3044">
    <p class='ocr_par' dir='ltr' id='par_1_9' title="bbox 405 2936 1920 3044">
     <span class='ocr_line' id='line_1_19' title="bbox 405 2936 1920 3044; baseline -0.001 -30"><span class='ocrx_word' id='word_1_129' title='bbox 405 3038 410 3044; x_wconf 26' lang='lat'><em>·</em></span> <span class='ocrx_word' id='word_1_130' title='bbox 504 2956 605 3027; x_wconf 89' lang='lat' dir='ltr'>rent,</span> <span class='ocrx_word' id='word_1_131' title='bbox 629 2966 694 3015; x_wconf 87' lang='lat'>1111.</span> <span class='ocrx_word' id='word_1_132' title='bbox 723 2966 841 3014; x_wconf 86' lang='lat' dir='ltr'>nonas</span> <span class='ocrx_word' id='word_1_133' title='bbox 866 2937 1098 3025; x_wconf 90' lang='lat' dir='ltr'>novembris,</span> <span class='ocrx_word' id='word_1_134' title='bbox 1120 2965 1157 3013; x_wconf 89' lang='lat' dir='ltr'>n.</span> <span class='ocrx_word' id='word_1_135' title='bbox 1179 2937 1290 3030; x_wconf 85' lang='lat' dir='ltr'>seria,</span> <span class='ocrx_word' id='word_1_136' title='bbox 1316 2940 1387 3017; x_wconf 90' lang='lat' dir='ltr'>isto</span> <span class='ocrx_word' id='word_1_137' title='bbox 1408 2940 1524 3016; x_wconf 92' lang='lat' dir='ltr'>modo</span> <span class='ocrx_word' id='word_1_138' title='bbox 1547 2971 1555 3015; x_wconf 77' lang='grc' dir='ltr'><strong>ε</strong></span> <span class='ocrx_word' id='word_1_139' title='bbox 1578 2940 1647 3015; x_wconf 80' lang='lat' dir='ltr'>«ln</span> <span class='ocrx_word' id='word_1_140' title='bbox 1672 2936 1920 3014; x_wconf 86' lang='lat' dir='ltr'>Humbaldiu-</span> 
     </span>
    </p>
   </div>
   <div class='ocr_carea' id='block_1_10' title="bbox 501 3065 1998 4858">
    <p class='ocr_par' dir='ltr' id='par_1_10' title="bbox 501 3065 1998 4858">
     <span class='ocr_line' id='line_1_20' title="bbox 502 3065 1998 3175; baseline 0 -32"><span class='ocrx_word' id='word_1_141' title='bbox 502 3068 638 3175; x_wconf 81' lang='lat' dir='ltr'>gubern</span> <span class='ocrx_word' id='word_1_142' title='bbox 661 3084 699 3144; x_wconf 92' lang='lat' dir='ltr'>et</span> <span class='ocrx_word' id='word_1_143' title='bbox 719 3065 921 3154; x_wconf 65' lang='lat' dir='ltr'>Euius-eka,</span> <span class='ocrx_word' id='word_1_144' title='bbox 940 3083 978 3141; x_wconf 87' lang='lat' dir='ltr'>et</span> <span class='ocrx_word' id='word_1_145' title='bbox 992 3069 1311 3159; x_wconf 88' lang='lat' dir='ltr'>Hettesnasmont,</span> <span class='ocrx_word' id='word_1_146' title='bbox 1330 3068 1378 3144; x_wconf 86' lang='lat' dir='ltr'>ad</span> <span class='ocrx_word' id='word_1_147' title='bbox 1401 3097 1497 3174; x_wconf 92' lang='lat' dir='ltr'>opus</span> <span class='ocrx_word' id='word_1_148' title='bbox 1518 3067 1718 3145; x_wconf 86' lang='lat' dir='ltr'>Guntberti</span> <span class='ocrx_word' id='word_1_149' title='bbox 1741 3067 1810 3143; x_wconf 86' lang='lat' dir='ltr'>filii</span> <span class='ocrx_word' id='word_1_150' title='bbox 1829 3066 1916 3145; x_wconf 85' lang='lat' dir='ltr'>mei.</span> <span class='ocrx_word' id='word_1_151' title='bbox 1996 3101 1998 3104; x_wconf 48' lang='lat'><strong>⁴</strong></span> 
     </span>
     <span class='ocr_line' id='line_1_21' title="bbox 502 3190 1918 3303; baseline -0.002 -30"><span class='ocrx_word' id='word_1_152' title='bbox 502 3199 545 3274; x_wconf 94' lang='lat' dir='ltr'>ln</span> <span class='ocrx_word' id='word_1_153' title='bbox 563 3196 755 3303; x_wconf 89' lang='lat' dir='ltr'>Ostringa,</span> <span class='ocrx_word' id='word_1_154' title='bbox 773 3190 977 3272; x_wconf 84' lang='lat' dir='ltr'>bunarium</span> <span class='ocrx_word' id='word_1_155' title='bbox 996 3222 1007 3270; x_wconf 87' lang='lat'>1</span> <span class='ocrx_word' id='word_1_156' title='bbox 1027 3194 1099 3299; x_wconf 89' lang='lat' dir='ltr'>ipsi</span> <span class='ocrx_word' id='word_1_157' title='bbox 1119 3194 1345 3273; x_wconf 87' lang='lat' dir='ltr'>Guntberto.</span> <span class='ocrx_word' id='word_1_158' title='bbox 1368 3198 1409 3272; x_wconf 91' lang='lat' dir='ltr'>ln</span> <span class='ocrx_word' id='word_1_159' title='bbox 1431 3197 1600 3302; x_wconf 84' lang='lat' dir='ltr'>Ganape,</span> <span class='ocrx_word' id='word_1_160' title='bbox 1622 3195 1854 3273; x_wconf 85' lang='lat' dir='ltr'>Trudlindae.</span> <span class='ocrx_word' id='word_1_161' title='bbox 1876 3197 1918 3270; x_wconf 91' lang='lat' dir='ltr'>In</span> 
     </span>
     <span class='ocr_line' id='line_1_22' title="bbox 506 3325 1919 3434; baseline -0.005 -29"><span class='ocrx_word' id='word_1_162' title='bbox 506 3328 790 3434; x_wconf 86' lang='lat' dir='ltr'>Winingahem,</span> <span class='ocrx_word' id='word_1_163' title='bbox 811 3325 1022 3415; x_wconf 83' lang='lat' dir='ltr'>Bertrudae;</span> <span class='ocrx_word' id='word_1_164' title='bbox 1044 3342 1196 3431; x_wconf 83' lang='lat' dir='ltr'>excepto</span> <span class='ocrx_word' id='word_1_165' title='bbox 1217 3353 1347 3402; x_wconf 92' lang='lat' dir='ltr'>manso</span> <span class='ocrx_word' id='word_1_166' title='bbox 1369 3353 1484 3430; x_wconf 89' lang='lat' dir='ltr'>quem</span> <span class='ocrx_word' id='word_1_167' title='bbox 1501 3325 1760 3401; x_wconf 89' lang='lat' dir='ltr'>adecclesiam</span> <span class='ocrx_word' id='word_1_168' title='bbox 1778 3325 1820 3401; x_wconf 94' lang='lat' dir='ltr'>in</span> <span class='ocrx_word' id='word_1_169' title='bbox 1836 3325 1919 3399; x_wconf 87' lang='lat' dir='ltr'>Ste-</span> 
     </span>
     <span class='ocr_line' id='line_1_23' title="bbox 502 3452 1917 3545; baseline -0.004 -12"><span class='ocrx_word' id='word_1_170' title='bbox 502 3457 668 3535; x_wconf 89' lang='lat' dir='ltr'>nedlaud</span> <span class='ocrx_word' id='word_1_171' title='bbox 682 3456 834 3533; x_wconf 89' lang='lat' dir='ltr'>tradidi.</span> <span class='ocrx_word' id='word_1_172' title='bbox 850 3457 893 3530; x_wconf 91' lang='lat' dir='ltr'>ln</span> <span class='ocrx_word' id='word_1_173' title='bbox 914 3453 1166 3545; x_wconf 88' lang='lat' dir='ltr'>Middelbem‚</span> <span class='ocrx_word' id='word_1_174' title='bbox 1184 3454 1231 3528; x_wconf 88' lang='lat' dir='ltr'>ad</span> <span class='ocrx_word' id='word_1_175' title='bbox 1246 3470 1417 3529; x_wconf 89' lang='lat' dir='ltr'>sanctum</span> <span class='ocrx_word' id='word_1_176' title='bbox 1432 3454 1703 3531; x_wconf 84' lang='lat' dir='ltr'>Andomarum.</span> <span class='ocrx_word' id='word_1_177' title='bbox 1721 3455 1762 3528; x_wconf 86' lang='lat' dir='ltr'>ln</span> <span class='ocrx_word' id='word_1_178' title='bbox 1776 3452 1917 3529; x_wconf 78' lang='lat' dir='ltr'>Anine-</span> 
     </span>
     <span class='ocr_line' id='line_1_24' title="bbox 503 3578 1913 3691; baseline -0.004 -28"><span class='ocrx_word' id='word_1_179' title='bbox 503 3578 626 3677; x_wconf 86' lang='lat' dir='ltr'>sbem,</span> <span class='ocrx_word' id='word_1_180' title='bbox 644 3586 844 3676; x_wconf 87' lang='lat' dir='ltr'>Foibaldo,</span> <span class='ocrx_word' id='word_1_181' title='bbox 862 3603 899 3662; x_wconf 86' lang='lat' dir='ltr'>et</span> <span class='ocrx_word' id='word_1_182' title='bbox 913 3586 1012 3662; x_wconf 90' lang='lat' dir='ltr'>illud</span> <span class='ocrx_word' id='word_1_183' title='bbox 1026 3601 1175 3691; x_wconf 90' lang='lat' dir='ltr'>pratum</span> <span class='ocrx_word' id='word_1_184' title='bbox 1192 3583 1299 3689; x_wconf 92' lang='lat' dir='ltr'>quod</span> <span class='ocrx_word' id='word_1_185' title='bbox 1312 3582 1427 3659; x_wconf 90' lang='lat' dir='ltr'>habui</span> <span class='ocrx_word' id='word_1_186' title='bbox 1444 3584 1482 3659; x_wconf 89' lang='lat' dir='ltr'>iu</span> <span class='ocrx_word' id='word_1_187' title='bbox 1498 3582 1637 3662; x_wconf 81' lang='lat' dir='ltr'>Solem.</span> <span class='ocrx_word' id='word_1_188' title='bbox 1653 3585 1695 3659; x_wconf 90' lang='lat' dir='ltr'>lu</span> <span class='ocrx_word' id='word_1_189' title='bbox 1711 3581 1913 3669; x_wconf 83' lang='lat' dir='ltr'>Fraxerias,</span> 
     </span>
     <span class='ocr_line' id='line_1_25' title="bbox 502 3710 1912 3818; baseline -0.005 -25"><span class='ocrx_word' id='word_1_190' title='bbox 502 3719 541 3794; x_wconf 93' lang='lat' dir='ltr'>in</span> <span class='ocrx_word' id='word_1_191' title='bbox 552 3719 738 3808; x_wconf 85' lang='lat' dir='ltr'>Frandris,</span> <span class='ocrx_word' id='word_1_192' title='bbox 750 3733 867 3794; x_wconf 85' lang='lat' dir='ltr'>totam</span> <span class='ocrx_word' id='word_1_193' title='bbox 879 3715 1128 3792; x_wconf 87' lang='lat' dir='ltr'>hereditatem</span> <span class='ocrx_word' id='word_1_194' title='bbox 1143 3712 1272 3818; x_wconf 89' lang='lat' dir='ltr'>nepoti</span> <span class='ocrx_word' id='word_1_195' title='bbox 1287 3741 1385 3791; x_wconf 88' lang='lat' dir='ltr'>meo.</span> <span class='ocrx_word' id='word_1_196' title='bbox 1404 3712 1463 3791; x_wconf 85' lang='lat' dir='ltr'>Ad</span> <span class='ocrx_word' id='word_1_197' title='bbox 1474 3714 1652 3791; x_wconf 89' lang='lat' dir='ltr'>Sanctum</span> <span class='ocrx_word' id='word_1_198' title='bbox 1664 3710 1912 3801; x_wconf 88' lang='lat' dir='ltr'>Salvatorem,</span> 
     </span>
     <span class='ocr_line' id='line_1_26' title="bbox 501 3840 1916 3952; baseline -0.006 -28"><span class='ocrx_word' id='word_1_199' title='bbox 501 3847 700 3952; x_wconf 88' lang='lat' dir='ltr'>petrariam</span> <span class='ocrx_word' id='word_1_200' title='bbox 715 3845 820 3921; x_wconf 88' lang='lat' dir='ltr'>illam</span> <span class='ocrx_word' id='word_1_201' title='bbox 840 3874 952 3951; x_wconf 90' lang='lat' dir='ltr'>quam</span> <span class='ocrx_word' id='word_1_202' title='bbox 968 3844 1092 3922; x_wconf 54' lang='lat' dir='ltr'>habui¹</span> <span class='ocrx_word' id='word_1_203' title='bbox 1094 3844 1199 3952; x_wconf 84' lang='lat' dir='ltr'>juxta</span> <span class='ocrx_word' id='word_1_204' title='bbox 1216 3842 1406 3932; x_wconf 83' lang='lat' dir='ltr'>Scamnis;</span> <span class='ocrx_word' id='word_1_205' title='bbox 1427 3843 1612 3948; x_wconf 85' lang='lat' dir='ltr'>mancipia</span> <span class='ocrx_word' id='word_1_206' title='bbox 1626 3870 1780 3948; x_wconf 90' lang='lat' dir='ltr'>quoque</span> <span class='ocrx_word' id='word_1_207' title='bbox 1799 3866 1846 3917; x_wconf 80' lang='lat' dir='ltr'>xv</span> <span class='ocrx_word' id='word_1_208' title='bbox 1867 3840 1916 3917; x_wconf 89' lang='lat' dir='ltr'>ad</span> 
     </span>
     <span class='ocr_line' id='line_1_27' title="bbox 502 3970 1913 4075; baseline -0.006 -22"><span class='ocrx_word' id='word_1_209' title='bbox 502 3977 659 4053; x_wconf 83' lang='lat' dir='ltr'>eandem</span> <span class='ocrx_word' id='word_1_210' title='bbox 683 3973 877 4052; x_wconf 87' lang='lat' dir='ltr'>ecclesiam</span> <span class='ocrx_word' id='word_1_211' title='bbox 898 3973 1088 4050; x_wconf 84' lang='lat' dir='ltr'>dimittere</span> <span class='ocrx_word' id='word_1_212' title='bbox 1114 3972 1200 4051; x_wconf 85' lang='lat' dir='ltr'>volo</span> <span class='ocrx_word' id='word_1_213' title='bbox 1220 3973 1269 4048; x_wconf 91' lang='lat' dir='ltr'>ad</span> <span class='ocrx_word' id='word_1_214' title='bbox 1298 3971 1471 4049; x_wconf 89' lang='lat' dir='ltr'>denarios</span> <span class='ocrx_word' id='word_1_215' title='bbox 1499 3998 1594 4049; x_wconf 71' lang='lat' dir='ltr'>nn,-</span> <span class='ocrx_word' id='word_1_216' title='bbox 1619 3970 1733 4048; x_wconf 87' lang='lat' dir='ltr'>Jussit</span> <span class='ocrx_word' id='word_1_217' title='bbox 1762 3997 1913 4075; x_wconf 87' lang='lat' dir='ltr'>quoque</span> 
     </span>
     <span class='ocr_line' id='line_1_28' title="bbox 501 4096 1913 4207; baseline -0.005 -27"><span class='ocrx_word' id='word_1_218' title='bbox 501 4099 656 4183; x_wconf 85' lang='lat' dir='ltr'>recitare</span> <span class='ocrx_word' id='word_1_219' title='bbox 672 4133 797 4182; x_wconf 86' lang='lat' dir='ltr'>coram</span> <span class='ocrx_word' id='word_1_220' title='bbox 814 4131 852 4181; x_wconf 90' lang='lat' dir='ltr'>se</span> <span class='ocrx_word' id='word_1_221' title='bbox 871 4121 909 4181; x_wconf 90' lang='lat' dir='ltr'>et</span> <span class='ocrx_word' id='word_1_222' title='bbox 926 4102 1055 4180; x_wconf 86' lang='lat' dir='ltr'>amicis</span> <span class='ocrx_word' id='word_1_223' title='bbox 1074 4102 1153 4180; x_wconf 89' lang='lat' dir='ltr'>suis</span> <span class='ocrx_word' id='word_1_224' title='bbox 1169 4102 1293 4207; x_wconf 92' lang='lat' dir='ltr'>ipsum</span> <span class='ocrx_word' id='word_1_225' title='bbox 1309 4099 1474 4193; x_wconf 86' lang='lat' dir='ltr'>brevem,</span> <span class='ocrx_word' id='word_1_226' title='bbox 1490 4129 1528 4178; x_wconf 90' lang='lat'>11.</span> <span class='ocrx_word' id='word_1_227' title='bbox 1551 4128 1668 4177; x_wconf 90' lang='lat' dir='ltr'>nonas</span> <span class='ocrx_word' id='word_1_228' title='bbox 1687 4096 1913 4176; x_wconf 89' lang='lat' dir='ltr'>novembris.</span> 
     </span>
     <span class='ocr_line' id='line_1_29' title="bbox 501 4226 1915 4337; baseline -0.005 -27"><span class='ocrx_word' id='word_1_229' title='bbox 501 4236 625 4312; x_wconf 83' lang='lat' dir='ltr'>Pridie</span> <span class='ocrx_word' id='word_1_230' title='bbox 634 4253 719 4312; x_wconf 90' lang='lat' dir='ltr'>ante</span> <span class='ocrx_word' id='word_1_231' title='bbox 731 4234 881 4312; x_wconf 91' lang='lat' dir='ltr'>obitum</span> <span class='ocrx_word' id='word_1_232' title='bbox 893 4226 1020 4322; x_wconf 88' lang='lat' dir='ltr'>suum,</span> <span class='ocrx_word' id='word_1_233' title='bbox 1033 4232 1178 4309; x_wconf 91' lang='lat' dir='ltr'>dimisit</span> <span class='ocrx_word' id='word_1_234' title='bbox 1187 4258 1341 4337; x_wconf 89' lang='lat' dir='ltr'>quoque</span> <span class='ocrx_word' id='word_1_235' title='bbox 1351 4257 1429 4308; x_wconf 78' lang='lat' dir='ltr'>xnn</span> <span class='ocrx_word' id='word_1_236' title='bbox 1439 4231 1623 4337; x_wconf 87' lang='lat' dir='ltr'>mancipia</span> <span class='ocrx_word' id='word_1_237' title='bbox 1634 4230 1682 4320; x_wconf 83' lang='lat' dir='ltr'>ad</span> <span class='ocrx_word' id='word_1_238' title='bbox 1694 4226 1915 4307; x_wconf 85' lang='lat' dir='ltr'>Stenetland</span> 
     </span>
     <span class='ocr_line' id='line_1_30' title="bbox 502 4351 1914 4470; baseline -0.001 -35"><span class='ocrx_word' id='word_1_239' title='bbox 502 4351 676 4470; x_wconf 85' lang='lat' dir='ltr'>ingenua.</span> <span class='ocrx_word' id='word_1_240' title='bbox 699 4362 881 4469; x_wconf 83' lang='lat' dir='ltr'>Sequenti</span> <span class='ocrx_word' id='word_1_241' title='bbox 901 4389 1054 4469; x_wconf 87' lang='lat' dir='ltr'>quoque</span> <span class='ocrx_word' id='word_1_242' title='bbox 1073 4361 1159 4452; x_wconf 89' lang='lat' dir='ltr'>die,</span> <span class='ocrx_word' id='word_1_243' title='bbox 1189 4359 1408 4466; x_wconf 85' lang='lat' dir='ltr'>priusquam</span> <span class='ocrx_word' id='word_1_244' title='bbox 1437 4359 1579 4448; x_wconf 88' lang='lat' dir='ltr'>obiret,</span> <span class='ocrx_word' id='word_1_245' title='bbox 1610 4359 1728 4437; x_wconf 87' lang='lat' dir='ltr'>claves</span> <span class='ocrx_word' id='word_1_246' title='bbox 1755 4355 1914 4434; x_wconf 76' lang='lat' dir='ltr'>basilion</span> 
     </span>
     <span class='ocr_line' id='line_1_31' title="bbox 501 4486 1915 4597; baseline -0.004 -30"><span class='ocrx_word' id='word_1_247' title='bbox 501 4490 619 4597; x_wconf 90' lang='lat' dir='ltr'>ipsius</span> <span class='ocrx_word' id='word_1_248' title='bbox 645 4491 894 4595; x_wconf 90' lang='lat' dir='ltr'>omniumque</span> <span class='ocrx_word' id='word_1_249' title='bbox 922 4491 1081 4568; x_wconf 89' lang='lat' dir='ltr'>aliarum</span> <span class='ocrx_word' id='word_1_250' title='bbox 1111 4487 1347 4568; x_wconf 84' lang='lat' dir='ltr'>officinarum</span> <span class='ocrx_word' id='word_1_251' title='bbox 1373 4488 1413 4562; x_wconf 93' lang='lat' dir='ltr'>in</span> <span class='ocrx_word' id='word_1_252' title='bbox 1439 4516 1573 4566; x_wconf 92' lang='lat' dir='ltr'>manus</span> <span class='ocrx_word' id='word_1_253' title='bbox 1602 4488 1674 4565; x_wconf 87' lang='lat' dir='ltr'>filii</span> <span class='ocrx_word' id='word_1_254' title='bbox 1699 4489 1757 4567; x_wconf 92' lang='lat' dir='ltr'>sui</span> <span class='ocrx_word' id='word_1_255' title='bbox 1779 4486 1915 4568; x_wconf 87' lang='lat' dir='ltr'>Gund-</span> 
     </span>
     <span class='ocr_line' id='line_1_32' title="bbox 502 4618 1913 4724; baseline -0.003 -24"><span class='ocrx_word' id='word_1_256' title='bbox 502 4622 598 4700; x_wconf 88' lang='lat' dir='ltr'>berti</span> <span class='ocrx_word' id='word_1_257' title='bbox 613 4618 770 4697; x_wconf 90' lang='lat' dir='ltr'>tradidit</span> <span class='ocrx_word' id='word_1_258' title='bbox 785 4636 823 4696; x_wconf 90' lang='lat' dir='ltr'>et</span> <span class='ocrx_word' id='word_1_259' title='bbox 837 4621 1129 4712; x_wconf 88' lang='lat' dir='ltr'>commendavit,</span> <span class='ocrx_word' id='word_1_260' title='bbox 1146 4619 1276 4696; x_wconf 87' lang='lat' dir='ltr'>dicens</span> <span class='ocrx_word' id='word_1_261' title='bbox 1292 4650 1300 4696; x_wconf 93' lang='lat'>:</span> <span class='ocrx_word' id='word_1_262' title='bbox 1323 4618 1416 4695; x_wconf 81' lang='lat' dir='ltr'>«His</span> <span class='ocrx_word' id='word_1_263' title='bbox 1431 4620 1624 4709; x_wconf 87' lang='lat' dir='ltr'>omnibus,</span> <span class='ocrx_word' id='word_1_264' title='bbox 1643 4619 1714 4709; x_wconf 86' lang='lat' dir='ltr'>iili,</span> <span class='ocrx_word' id='word_1_265' title='bbox 1731 4637 1768 4696; x_wconf 91' lang='lat' dir='ltr'>te</span> <span class='ocrx_word' id='word_1_266' title='bbox 1784 4646 1913 4724; x_wconf 55' lang='lat' dir='ltr'>super*</span> 
     </span>
     <span class='ocr_line' id='line_1_33' title="bbox 504 4746 1913 4858; baseline -0.005 -27"><span class='ocrx_word' id='word_1_267' title='bbox 504 4753 628 4832; x_wconf 87' lang='lat' dir='ltr'>stitem</span> <span class='ocrx_word' id='word_1_268' title='bbox 645 4746 844 4838; x_wconf 87' lang='lat' dir='ltr'>confirmo,</span> <span class='ocrx_word' id='word_1_269' title='bbox 862 4751 1039 4856; x_wconf 90' lang='lat' dir='ltr'>quatinus</span> <span class='ocrx_word' id='word_1_270' title='bbox 1058 4767 1098 4828; x_wconf 88' lang='lat' dir='ltr'>et</span> <span class='ocrx_word' id='word_1_271' title='bbox 1110 4749 1180 4828; x_wconf 85' lang='lat' dir='ltr'>Dei</span> <span class='ocrx_word' id='word_1_272' title='bbox 1196 4751 1293 4827; x_wconf 84' lang='lat' dir='ltr'>hanc</span> <span class='ocrx_word' id='word_1_273' title='bbox 1308 4750 1466 4827; x_wconf 87' lang='lat' dir='ltr'>domum</span> <span class='ocrx_word' id='word_1_274' title='bbox 1477 4778 1677 4858; x_wconf 55' lang='lat' dir='ltr'>,meamque</span> <span class='ocrx_word' id='word_1_275' title='bbox 1690 4778 1732 4826; x_wconf 87' lang='lat' dir='ltr'>ac</span> <span class='ocrx_word' id='word_1_276' title='bbox 1750 4764 1913 4827; x_wconf 80' lang='lat' dir='ltr'>anteces-</span> 
     </span>
    </p>
   </div>
   <div class='ocr_carea' id='block_1_11' title="bbox 0 0 2244 5842">
    <p class='ocr_par' dir='ltr' id='par_1_11' title="bbox 0 0 2244 5842">
     <span class='ocr_line' id='line_1_34' title="bbox 0 0 2244 5842; baseline 0 2"><span class='ocrx_word' id='word_1_277' title='bbox 0 0 2244 5842; x_wconf 95' lang='lat' dir='ltr'> </span> 
     </span>
    </p>
   </div>
  </div>
 </body>
</html>
