4478 5842
303 467 373 540 148
648 468 1058 543 CHARTULARIUM
1086 469 1367 544 SlTHIENSE.

297 638 361 686 eos
385 609 607 686 accenderet
628 611 841 689 monasticae
862 612 1009 718 regulae.
1032 613 1119 704 Quo
1142 641 1228 688 cum
1248 613 1491 717 pervenisset,
1507 630 1555 687 ¹et
1581 613 1620 687 id
1644 641 1715 719 pro

210 768 219 776 ·
296 768 372 845 quo
386 757 538 815 venerat
554 740 712 846 implere
729 741 961 818 omnimodis
976 758 1173 849 satageret,
1190 742 1238 817 ad
1259 742 1436 818 ultimum
1448 742 1621 848 prefatus
1635 745 1715 851 glo-

296 872 418 950 riosus
435 900 560 946 comes
573 870 729 948 ohcdire
743 870 917 948 nolentes
929 872 1104 977 praecepit
1118 873 1347 948 monasterio
1364 874 1484 964 exire3·
1498 877 1713 952 monasterii
1792 875 1798 890 ⁴

295 1023 422 1081 autem
434 1033 576 1091 curam,
590 1031 676 1078 cum
688 1002 746 1078 his
757 1003 821 1107 qui
834 1020 1108 1091 remanserant,
1122 1002 1247 1078 eidem
1258 1002 1383 1081 abbati
1396 1006 1570 1110 praecepit
1581 1006 1716 1114 guber-

297 1164 396 1211 nare.
419 1137 506 1228 Quo
526 1133 566 1208 id
585 1161 654 1237 pro
668 1132 811 1209 viribus
830 1133 876 1208 ad
897 1150 1047 1239 tempus
1062 1150 1215 1209 strenue
1234 1132 1484 1238 adimplente,
1502 1165 1571 1241 pro
1587 1136 1714 1215 labore

296 1282 333 1340 et
353 1264 612 1341 exhortatione
634 1293 715 1368 quae
735 1263 811 1340 illis
833 1281 964 1367 utpote
985 1262 1143 1339 rudibus
1165 1265 1334 1368 impendi
1357 1283 1437 1342 erat
1454 1294 1619 1355 necesse,
1647 1296 1713 1345 ne-

231 1408 246 1433 ‘
294 1394 507 1504 gligebatur
536 1395 582 1470 ah
612 1392 679 1469 illo
710 1393 814 1469 locus
842 1393 923 1469 iste.
955 1394 1184 1499 Deprecatus
1210 1413 1265 1471 est
1291 1414 1419 1471 autem
1450 1396 1571 1474 isdem
1601 1398 1715 1476 ahbas

294 1527 468 1602 inclitum
483 1524 711 1600 marchisum
727 1522 942 1607 Amulium,
959 1541 1002 1598 ut
1021 1526 1293 1600 monasterium
1308 1525 1382 1602 hoc
1396 1525 1523 1603 Sithiu
1542 1527 1654 1636 alicui
1672 1556 1714 1605 ex

295 1656 383 1762 ipsis
405 1654 581 1730 fratribus
598 1653 851 1729 committeret
868 1653 1177 1761 gubernandum,
1199 1684 1266 1742 ne,
1291 1656 1382 1730 dum
1406 1657 1506 1732 curis
1526 1657 1715 1735 insisteret

295 1785 511 1864 monasterii
534 1783 665 1875 unius,
690 1782 898 1891 negligeret
917 1782 1081 1860 alterius.
1105 1785 1287 1862 Annuens
1307 1803 1432 1861 autem
1457 1815 1600 1875 comes,
1627 1808 1714 1865 cu'm

294 1916 397 1994 illius
424 1914 601 2003 consilio,
628 1913 780 1990 cuidam
805 1913 921 2018 ipsius
943 1916 1161 1992 monasterii
1191 1919 1394 2008 monacho,
1422 1918 1575 1994 nomine
1598 1920 1715 2025 Rege·
1826 1938 1832 1951 ¹

296 2047 430 2138 noldo,
450 2047 608 2121 fratrum
622 2061 770 2120 tantum
789 2043 980 2120 voluntate
998 2044 1186 2133 obstante,
1203 2046 1243 2120 in
1259 2047 1403 2124 abbatis
1417 2047 1631 2125 sublimavit
1645 2051 1716 2126 ho-

191 2247 196 2258 .
295 2206 399 2254 nore.
417 2176 619 2253 Ordinatus
640 2190 696 2249 est
714 2190 839 2248 autem
859 2201 959 2250 anno
980 2174 1027 2251 ah
1048 2175 1301 2251 incarnatione
1317 2177 1471 2254 Domini
1493 2204 1710 2269 occentum,
1762 2254 1766 2265 ,

295 2304 545 2385 includendas
565 2303 706 2410 aprilis,
719 2302 765 2378 ah
781 2303 980 2403 Wicsrido,
1000 2305 1252 2381 Taruanensis
1272 2306 1434 2414 epclesiae
1446 2308 1616 2411 praesule.
1635 2311 1715 2387 Hit-

296 2438 513 2515 debrandus
537 2453 664 2512 autem
689 2434 819 2525 abhas,
844 2433 955 2511 nobis
980 2433 1177 2527 flentibus,
1202 2464 1330 2512 curam
1356 2437 1565 2515 animarum
1588 2439 1714 2517 eidem

297 2569 440 2645 domno
456 2565 581 2644 abbati
602 2563 822 2671 Regenoldo
843 2564 1102 2658 committens,
1120 2566 1308 2657 Atrebatis
1325 2565 1449 2643 rediit.
1473 2568 1716 2675 Regenoldus

292 2716 421 2799 autem
438 2697 553 2774 abhas
566 2696 654 2772 satis
672 2693 839 2801 pervigili
859 2722 946 2770 cura
966 2694 1151 2774 sollicitus
1173 2713 1253 2772 erat
1276 2698 1371 2773 circa
1389 2699 1558 2806 regimen
1573 2700 1717 2778 anima-

295 2859 381 2906 rum
410 2828 481 2904 sihi
512 2826 813 2913 commissarum
846 2825 885 2900 in
911 2825 1016 2902 hrevi
1046 2844 1172 2904 autem
1203 2844 1373 2934 tempore
1397 2828 1567 2906 amabilis
1593 2831 1715 2910 extitit

297 2959 475 3036 omnihus
501 2975 539 3033 et
562 2957 729 3034 devotus.
754 2956 831 3048 Qui
852 2957 1094 3033 confirmatus
1108 2958 1146 3034 in
1170 2958 1272 3049 loco,
1295 2959 1426 3034 emita
1449 2960 1615 3063 quodam
1635 2963 1714 3039 viro

296 3089 567 3178 illustrissimo,
580 3088 737 3194 Hugone
751 3085 950 3178 vocabulo,
967 3087 1163 3193 adjuvante
1179 3088 1312 3164 inclito
1327 3087 1518 3165 markione
1534 3090 1711 3180 Amulio,

298 3220 489 3297 ecclesiam
515 3218 705 3324 quandam
733 3217 772 3292 in
800 3217 943 3293 honore
968 3216 1084 3292 sancti
1110 3216 1303 3294 Michaelis
1324 3235 1591 3313 constructam,
1616 3248 1713 3297 nun-

203 3453 205 3456 Α
297 3344 466 3459 cupatam
485 3347 817 3438 Vuachimvillare‚
836 3348 944 3423 sitam
959 3347 999 3422 in
1017 3372 1113 3454 pago
1128 3346 1361 3436 Bononensi,
1376 3344 1482 3423 libris
1501 3374 1524 3426 v
1540 3348 1733 3441 denario,

296 3512 393 3561 rum.
412 3483 480 3557 Hie
496 3482 626 3571 etiam,
644 3498 813 3583 tempore
827 3477 1021 3584 regiminis
1038 3477 1114 3567 sui,
1132 3475 1407 3567 consentiente,
1420 3477 1537 3553 immo
1555 3483 1714 3585 compel-

297 3616 396 3691 lente
413 3612 578 3720 glorioso
592 3609 729 3686 comite
739 3606 915 3697 Arnullo,
930 3607 1045 3683 sancti
1061 3605 1267 3683 Audomari
1282 3604 1458 3711 reliquias
1469 3636 1554 3683 cum
1565 3609 1711 3687 honore

297 3744 475 3834 maximo,
498 3759 536 3817 et
554 3768 640 3816 cum
659 3735 887 3814 multimodo
902 3765 944 3812 ac
960 3736 1199 3815 devotissimo
1209 3736 1488 3815 monachorum
1502 3766 1545 3812 ac
1559 3743 1713 3817 canom-

298 3903 428 3953 corum
452 3858 652 3976 obsequio}
674 3884 718 3943 ut
736 3882 852 3943 terras
875 3884 976 3944 trans
990 3868 1165 3946 Rhenum
1182 3867 1286 3957 sitas,
1308 3867 1396 3943 huic
1413 3895 1516 3945 sacro
1532 3869 1615 3946 loco
1633 3871 1712 3978 jam

296 4007 424 4084 olima
439 3977 618 4078 lidelibus
632 4024 840 4090 concessas,
851 3998 1097 4104 adquireret,
1112 3999 1304 4105 Neumago
1317 4025 1437 4104 usque
1451 4001 1556 4107 regio
1574 4000 1713 4106 palatio

297 4133 522 4244 deportavit,
548 4159 623 4237 quo
643 4129 684 4208 in
702 4128 788 4206 loco
806 4146 896 4206 tunc
915 4128 1100 4236 gloriosus
1125 4122 1234 4220 Otto,
1259 4156 1324 4204 rex
1348 4128 1540 4207 orientalis
1564 4125 1711 4223 Galliae,

296 4267 507 4344 advenerat.
526 4262 699 4366 Cumque
713 4275 866 4337 vennam
884 4276 982 4337 esset
997 4260 1045 4335 ad
1060 4260 1194 4336 Thiale
1216 4275 1386 4365 portum,
1409 4276 1532 4338 custos
1551 4262 1713 4338 ecclesie

295 4391 612 4500 blasphemando,
635 4405 672 4465 et
695 4389 871 4496 reliquias
895 4406 1037 4466 sanctu
1058 4388 1321 4494 vituperando,
1344 4386 1498 4466 nolebat
1519 4390 1712 4468 ecclesiam

296 4524 451 4632 aperire.
468 4525 557 4599 Post
574 4519 771 4625 paululum
785 4536 929 4611 autem,
946 4518 1102 4626 quidam
1117 4516 1262 4595 concite
1284 4517 1511 4610 adcucurrit,
1533 4522 1713 4599 nuntians

296 4655 462 4735 eundem
477 4650 674 4730 custodem
687 4679 712 4726 a·
723 4649 869 4727 balneis
882 4670 1089 4737 reversum,
1107 4647 1230 4727 subita
1242 4648 1460 4727 infirmitate
1480 4669 1710 4761 correptum,¹

296 4800 351 4879 et,
368 4785 409 4865 ni
424 4782 690 4864 intercessione
707 4796 928 4857 succurrant
939 4779 1129 4869 monachi,
1146 4807 1233 4859 mox
1249 4807 1329 4859 csse
1345 4780 1583 4859 moriturum.
1596 4782 1712 4878 Quod
