4478 5842
534 448 609 519 250
879 439 1288 517 CHARTULARlUM
1323 438 1608 515 SlTHlENSE.

1127 721 1369 797 XXXVIII.

534 920 685 962 EXEMPMR
703 912 857 959 pasceretis
880 912 952 955 PAPE
973 914 1111 963 SECUNDI,
1134 910 1171 953 DE
1195 913 1285 954 11¹]th
1307 913 1369 953 lm}
1393 912 1568 961 LIBERTATB,
1586 914 1623 955 un
1646 914 1767 955 ABBA'HS
1783 912 1950 957 erectione,

725 1020 759 1059 ΕΤ
778 1019 856 1071 QUOD
878 1014 976 1059 SUUS
995 1017 1051 1057 SUB
1074 1014 1254 1058 ennecone
1277 1016 1315 1057 l'l'
1332 1016 1445 1058 TUTBM
1468 1017 1573 1058 nonant
1595 1016 1766 1060 MMIGI.

301 1233 401 1304 uiue·
418 1254 494 1288 ¹¹¹2·
586 1260 598 1290 ι
613 1219 813 1305 Paschalis‚
828 1216 1039 1322 episcopus,
1052 1243 1177 1292 servus
1190 1243 1382 1323 servorum
1393 1215 1483 1305 Dei,
1497 1215 1635 1292 dilecto
1645 1214 1725 1294 lilio
1736 1217 1948 1311 Lambenn,

528 1352 726 1431 Sithiensis
749 1347 966 1425 monasterii
988 1345 1129 1434 abbati,
1149 1346 1304 1450 ejusque
1325 1345 1601 1423 successoribus
1619 1346 1842 1455 regulariter
1861 1348 1951 1425 sub·

528 1482 728 1562 stituendis
747 1480 784 1555 in
805 1494 1043 1583 perpetuum.
1068 1474 1221 1552 adhoc
1242 1475 1281 1551 in
1302 1474 1504 1580 apostolice
1527 1475 1627 1552 sedis
1649 1476 1849 1586 regimine,
1873 1479 1950 1557 Do-

529 1615 634 1690 mino
651 1611 892 1714 disponente,
908 1603 1072 1713 premoti
1087 1604 1347 1707 conspicimur,
1366 1621 1424 1693 ut,
1441 1604 1522 1709 ipso
1538 1622 1710 1709 parante,
1726 1606 1949 1714 religionem

529 1770 687 1849 augere,
707 1756 744 1816 et
768 1737 848 1843 ejus
868 1736 981 1813 servis
1002 1735 1207 1811 tuitionem
1229 1733 1433 1813 debeamus
1451 1734 1684 1839 impendere.
1709 1737 1801 1813 Tuis
1822 1738 1951 1845 igitur,

527 1873 664 1950 dilecte
678 1871 716 1945 in
733 1866 899 1946 Domino
916 1865 988 1951 lili,
1004 1864 1100 1941 abba
1115 1864 1329 1955 Lamberte,
1341 1863 1454 1970 justis
1466 1865 1713 1970 petitionibus
1727 1886 1947 1963 annuentes,

526 2002 625 2081 beati
654 1998 795 2078 Bertini
822 1995 1010 2072 Sithiense
1045 1993 1274 2083 cenobium,
1301 1993 1406 2099 quod
1432 1993 1471 2069 in
1495 1995 1726 2071 Tarnanensi
1752 2000 1947 2101 parrochia

526 2136 640 2211 situm
662 2147 735 2221 est,
752 2128 830 2216 cui,
852 2128 934 2204 Deo
955 2143 1125 2216 auctore,
1146 2125 1336 2230 presides,
1358 2124 1429 2201 sub
1448 2124 1606 2237 tutelam
1622 2143 1660 2203 et
1674 2128 1948 2231 protectionem

526 2264 625 2342 sedis
640 2258 842 2368 apostolice
857 2257 1098 2362 suspicimus,
1118 2271 1155 2332 et
1169 2270 1297 2330 contra
1312 2282 1513 2359 pravorum
1525 2255 1726 2334 bominum
1740 2258 1947 2365 nequitiam

527 2392 755 2472 auctoritatis
778 2389 858 2497 ejus
889 2384 1083 2492 privilegio
1110 2384 1402 2460 communimus.
1436 2383 1644 2463 Statuimus
1672 2387 1775 2463 enim
1797 2406 1841 2465 ut
1862 2390 1949 2465 uni-

526 2554 628 2604 versa
653 2524 702 2600 ad
727 2521 830 2599 idem
859 2515 1131 2594 monasterium
1157 2515 1339 2622 legittime
1365 2515 1591 2619 pertinentia
1613 2515 1719 2593 vebis
1743 2519 1947 2624 vestrisque

526 2653 802 2733 successoribus
823 2650 949 2754 quieta
967 2676 1116 2752 semper
1132 2664 1169 2724 et
1184 2645 1328 2724 illibata
1346 2663 1609 2751 permaneant;
1626 2647 1749 2751 ipsum
1763 2677 1851 2725 vero
1866 2676 1948 2725 mo-

527 2781 751 2870 nasterium,
767 2781 874 2885 juxta
891 2778 1202 2883 predecessorum
1223 2795 1438 2856 nostrorum
1454 2778 1614 2855 Victoris
1634 2795 1671 2854 et
1686 2778 1822 2854 Urbani
1843 2806 1948 2855 sanc·

524 2916 661 3001 tiones,
685 2912 723 2986 in
738 2938 802 2985 sua
819 2907 967 3008 plenius
986 2907 1158 2983 libertate
1177 2936 1217 2982 ac
1237 2907 1474 2985 immunitate
1489 2924 1672 3013 perpetuo
1690 2925 1944 2996 conservetur,

524 3040 707 3150 quamdiu
720 3038 797 3113 illic
811 3035 991 3141 regularis
1003 3036 1146 3110 ordinis
1164 3036 1317 3140 vigeret
1336 3035 1529 3140 disciplina
1550 3040 1809 3141 permanserit.
1828 3039 1946 3115 Porro

526 3171 700 3248 abbatem
724 3168 764 3243 in
789 3165 924 3241 eodem
951 3164 1178 3241 monasterio
1202 3192 1278 3241 non
1303 3164 1419 3241 alium
1449 3194 1596 3270 preesse
1624 3194 1841 3254 censemus,
1874 3167 1946 3244 nisi

525 3330 638 3409 quem
655 3300 803 3387 fratres,
823 3293 1013 3372 communi
1030 3320 1232 3381 censeam,
1248 3294 1307 3369 vel
1321 3293 1479 3369 fratrum
1500 3322 1585 3399 pars
1604 3295 1759 3371 sanioris
1780 3294 1943 3385 consilii,

526 3431 733 3511 secundum
745 3428 816 3507 Dei
832 3427 1010 3503 timorem
1026 3442 1064 3503 et
1077 3424 1179 3501 beati
1192 3424 1386 3503 Benedicti
1402 3423 1586 3532 regulam,
1600 3423 1794 3531 elegerint.
1808 3425 1946 3503 Decer-

527 3566 650 3640 nimus
671 3588 758 3670 ergo
780 3575 823 3636 ut
840 3556 936 3635 nulli
954 3557 1111 3632 omnino
1128 3555 1329 3633 hominum
1346 3553 1457 3631 liceat
1473 3555 1573 3632 idem
1597 3555 1868 3633 monasterium
1888 3574 1947 3633 te-

527 3723 629 3772 mere
649 3691 885 3797 perturbare,
907 3704 972 3763 aut
989 3687 1070 3793 ejus
1084 3684 1336 3791 possessiones
1351 3684 1514 3777 auferre,
1536 3685 1595 3762 vel
1609 3684 1747 3763 ablatas
1763 3687 1943 3778 retinere,

527 3825 715 3912 minuere,
745 3819 802 3894 vel
831 3816 1039 3894 temerariis
1066 3815 1324 3894 vexationibus
1353 3816 1521 3923 fatigare,
1551 3817 1618 3891 sed
1647 3817 1772 3893 omnia
1801 3818 1946 3925 integra

527 3932 790 4032 conservensur
807 3977 950 4037 eorum,
968 3975 1036 4053 pro
1051 3975 1213 4052 quorum
1230 3947 1499 4023 sustentatione
1514 3975 1555 4021 ac
1570 3947 1840 4053 gubernatione
1857 3977 1941 4026 con·

527 4115 625 4162 cessa
647 4099 733 4160 sunt
760 4080 891 4157 usibus
912 4076 1143 4155 omnimodis
1162 4076 1372 4183 prolatura,
1398 4078 1494 4155 salva
1510 4078 1759 4155 Tarnanensis
1781 4079 1944 4185 episcopi

528 4216 703 4319 canonica
723 4210 942 4290 reverentia.
970 4209 1008 4286 Si
1031 4237 1103 4312 qua
1124 4206 1238 4313 igitur
1260 4206 1504 4286 ecclesiastica
1524 4208 1744 4287 secularisve
1764 4238 1941 4315 persona,
1983 4230 1991 4241 “

529 4348 621 4420 banc
647 4359 773 4419 nostre
790 4337 1069 4417 constitutionis
1091 4336 1264 4442 paginam
1285 4336 1405 4414 sciens
1418 4353 1546 4414 contra
1561 4365 1643 4412 eam
1659 4355 1801 4415 temere
1817 4340 1943 4417 venire

528 4471 778 4579 temptaverit,
803 4467 970 4545 secundo
996 4467 1157 4543 terciove
1173 4466 1420 4555 commonita,
1441 4466 1470 4540 si
1488 4494 1565 4543 non
1586 4467 1834 4545 satisfactione
1855 4498 1945 4557 cen-

526 4634 616 4711 grua
634 4598 906 4687 emendaverit,
926 4596 1119 4703 potestatis
1138 4596 1369 4701 honorisque
1384 4595 1441 4671 sui
1465 4596 1642 4703 dignitate
1661 4615 1796 4690 careat,
1818 4626 1945 4677 reum-

525 4767 598 4844 que
616 4764 655 4813 se
672 4731 799 4809 divino
814 4728 955 4836 juditio
977 4728 1131 4802 existere
1152 4726 1198 4802 de
1221 4742 1429 4831 perpetrata
1451 4726 1646 4834 iniquitate
1668 4747 1880 4838 eognoscat,
1905 4749 1943 4809 et
