4478 5842
551 521 678 594 PARS
714 525 960 598 SECUNDA.
979 565 1032 581 -
1049 524 1262 598 SIMONlS
1288 526 1384 597 LlB.
1413 529 1459 597 ll.
1645 527 1719 598 285

298 664 528 769 Factumque
548 681 604 740 est
629 664 691 740 ita.
708 664 970 771 Appellatione
986 667 1100 772 igitur
1115 665 1223 756 facta,
1241 664 1500 742 Cluniacensis
1515 666 1660 757 mitius,
1678 692 1720 740 ex

298 792 473 878 consilio,
491 792 590 897 cepit
604 822 728 900 agere,
746 794 833 901 quia
847 797 1021 902 cognovit
1034 824 1074 872 se
1095 796 1249 900 gratiam
1264 797 1469 871 Romanam
1484 811 1574 870 tunc
1590 795 1724 871 obscu-

298 923 376 999 rius
393 923 544 999 habere.
567 923 749 1001 Veniente
765 925 879 1031 igitur
898 923 1031 999 abbate
1050 941 1179 1001 nostro
1194 926 1335 1015 Leons,
1353 925 1620 1001 Cluniacenses
1636 952 1720 1000 cum

300 1080 345 1129 eo
372 1054 497 1130 nescio
519 1053 629 1159 quid,
653 1054 758 1160 quasi
779 1053 1036 1143 amicabiliter,
1054 1071 1343 1160 proposuerunt.
1366 1054 1502 1159 Sicque
1528 1073 1656 1131 noster
1676 1055 1723 1129 ad

285 1211 368 1267 ¹nos
388 1211 573 1275 reversus,
602 1214 687 1260 cum
716 1184 963 1261 familiaribus
983 1185 1060 1261 suis
1078 1184 1176 1289 cepit
1200 1201 1357 1261 tractare
1385 1185 1605 1290 quodfacto
1629 1213 1724 1290 opus

300 1333 396 1391 esset
424 1315 596 1391 intanto
624 1316 793 1421 negotio,
828 1317 916 1420 quia
945 1314 1204 1392 considerabat
1230 1313 1382 1392 difficile
1412 1313 1724 1392 Cluniacensibus

297 1471 407 1548 posse
425 1443 614 1530 resistere,
645 1446 712 1522 sed
739 1444 929 1521 dillicilius
955 1445 1205 1521 Flandrarurn
1231 1443 1463 1548 superbiam,
1487 1444 1725 1551 Burgundio·

262 1633 264 1637 ⁷
299 1602 391 1653 num
412 1575 709 1652 dominationem
731 1574 941 1651 admittere.

356 1704 552 1781 Animatus
565 1703 690 1810 itaque
702 1732 857 1781 suorum
873 1705 1041 1794 consilio,
1057 1707 1213 1781 Romam
1223 1704 1474 1809 proficiscitur
1489 1704 1724 1810 expositurus

299 1841 465 1915 Romane
486 1838 588 1914 curie
608 1837 915 1915 Cluniacensium
940 1837 1129 1944 injuriam.
1151 1836 1222 1913 Cui
1243 1834 1394 1912 fortuna
1417 1851 1494 1910 tam
1515 1833 1589 1913 leta
1604 1834 1725 1910 arrisit

298 1968 407 2057 facie,
424 1985 468 2044 ut
485 1966 667 2073 quicquid
681 1965 896 2072 postulavit,
915 1995 1029 2072 asque
1045 1966 1124 2041 ulla
1138 1963 1377 2077 difficultate,
1392 1993 1412 2039 a
1427 1993 1522 2070 papa
1538 1964 1721 2053 Pasebali,
1803 2061 1805 2067 Α

294 2097 440 2204 judicio
457 2097 579 2175 tocius
597 2099 765 2183 Romane
786 2097 904 2187 curie,
928 2097 1157 2201 impetraret.
1176 2094 1322 2173 Invenit
1345 2095 1445 2170 enim
1464 2121 1529 2169 eos
1549 2093 1723 2171 adversus

300 2227 566 2307 Cluniacenses
581 2243 803 2303 commotos.

904 2481 1117 2554 LXXXV.

681 2679 719 2721 DE
739 2677 972 2722 oouasscuanouz
995 2678 1114 2720 mutel
1138 2678 1341 2721 attenuarem.

358 2876 439 2951 Jam
459 2874 561 2951 enim
576 2891 684 2953 antea
701 2874 885 2953 Henricus
897 2876 1038 2983 junior,
1059 2904 1123 2969 rex
1140 2874 1358 2964 Orientalis‚
1376 2873 1441 2981 qui
1459 2875 1610 2965 Henrici
1627 2875 1724 2983 regis

302 3004 434 3113 Anglie
448 3003 563 3080 liliam
582 3005 754 3095 duxerat,
772 3020 875 3110 patre
891 3022 1059 3096 mortuo,
1074 3008 1248 3096 Romam,
1263 3033 1350 3081 eum
1365 3005 1528 3083 exercitu
1540 3005 1717 3095 maximo,

301 3133 503 3243 apostolica
524 3134 855 3211 benedictionem
879 3135 1144 3239 imperatorem
1169 3134 1462 3224 consecrandus,
1488 3132 1608 3241 petiit.
1630 3137 1722 3213 Nam

301 3282 471 3352 eatenus,
493 3280 536 3340 ut
557 3264 631 3340 dixi
653 3265 840 3369 superius,
862 3264 962 3339 inter
976 3263 1221 3370 apostolicum
1240 3263 1491 3341 sacerdotium
1507 3283 1545 3342 et
1563 3293 1722 3372 reguum

300 3396 598 3501 imperatorium,
623 3397 754 3472 scisma
782 3412 870 3472 erat.
897 3396 989 3486 Sed,
1016 3397 1108 3472 dum
1135 3395 1234 3470 inter
1257 3423 1295 3471 se
1321 3396 1518 3470 convenire
1539 3424 1616 3472 non
1635 3425 1722 3501 pos-

302 3543 400 3617 sent,
422 3554 487 3602 rex
511 3556 661 3633 papam,
684 3555 769 3603 cum
790 3526 971 3602 universis
995 3523 1262 3612 cardinalibus,
1288 3541 1437 3629 captum
1459 3524 1656 3630 compulit,
1679 3543 1722 3602 ut

303 3655 336 3731 ei
356 3655 609 3760 privilegium,
631 3655 736 3760 quod
751 3672 879 3760 postea
899 3670 1157 3759 nuncupatum
1171 3668 1237 3753 jest
1252 3656 1496 3758 pravilcpium,
1515 3683 1609 3759 papa
1632 3683 1721 3731 con-

303 3783 468 3871 cederet,
490 3783 641 3863 nullum
661 3783 888 3888 episcopum
903 3784 1125 3871 consecrari,
1155 3783 1227 3859 nisi
1254 3811 1298 3859 ex
1318 3811 1469 3860 assensu
1495 3784 1611 3890 regio.
1635 3784 1721 3876 Quo

301 3912 415 4003 secto,
431 3913 658 3988 consecravit
677 3940 777 3988 eum.
799 3914 879 3988 Hoc
893 3940 981 3988 vero
999 3913 1264 3990 Cluniacenses
1280 3914 1520 4004 detestantes,
1537 3914 1663 4018 potius
1679 3940 1722 3988 ex

303 4039 478 4146 superbia
505 4068 618 4146 quam
647 4068 691 4116 ex
709 4041 874 4147 justicia,
908 4041 1086 4117 Romanis
1108 4040 1219 4118 verba
1248 4042 1427 4146 scripsere
1457 4043 1718 4148 ignominiosa.

302 4169 450 4264 Quibus
468 4169 618 4261 irritati,
640 4169 841 4247 Lamberto
857 4169 983 4247 abbati
996 4170 1238 4247 indulserunt
1256 4171 1397 4247 litteras
1413 4186 1450 4246 et
1464 4171 1718 4281 privilegium,

301 4299 441 4406 quibus
455 4327 531 4407 que
550 4298 746 4377 factasunt
764 4301 839 4377 sive
853 4300 899 4377 ab
915 4300 1051 4376 eodem
1068 4300 1219 4393 abbate,
1236 4302 1312 4378 sive
1332 4299 1379 4376 ab
1399 4300 1592 4408 episcopo,
1609 4302 1684 4379 sive
1701 4332 1721 4378 a

303 4428 457 4520 comite,
484 4446 613 4506 contra
636 4430 849 4507 libertatem
877 4428 1077 4507 sithiensis
1100 4431 1271 4519 ecclesie,
1298 4431 1424 4506 omnia
1450 4430 1554 4508 irrita
1573 4431 1719 4511 fierent.

303 4559 370 4636 llis
387 4561 558 4637 munitus
580 4560 710 4651 abbas,
727 4578 766 4638 et
789 4588 958 4638 reversus
981 4590 1067 4638 cum
1087 4562 1241 4670 gaudio,
1266 4578 1460 4669 susceptus
1484 4581 1540 4641 est
1564 4593 1585 4640 a
1612 4565 1722 4643 nobis

305 4717 392 4766 cum
406 4689 594 4796 tripudio,
611 4690 752 4796 quibus
765 4718 842 4767 non
858 4707 937 4768 erat
948 4690 1046 4767 ultra
1063 4691 1109 4766 de
1124 4691 1297 4770 iterando
1309 4691 1439 4769 labore
1457 4693 1637 4799 suspici03
1655 4693 1722 4769 sed

303 4815 456 4911 frustra,
473 4819 561 4925 qnia
579 4819 704 4896 adbuc
716 4820 827 4897 viridi
847 4819 957 4898 latuit
976 4820 1109 4931 anguis
1123 4821 1163 4898 in
1177 4821 1306 4899 herba.

1460 4946 1512 5008 36.
