4478 5842
454 495 581 567 PARS
608 494 810 567 TERTIA.
827 493 1325 568 -CONTINUATORES
1353 497 1572 570 SIMONIS.
1648 500 1721 570 559

307 636 484 744 quitquid
508 636 605 743 juris
634 635 673 710 in
697 635 865 744 predicta
890 635 1029 740 palude
1060 634 1295 722 clamaverat,
1317 663 1404 712 cum
1435 637 1721 716 exfestucatione

306 766 503 873 vuerpivit,
520 784 558 843 et
573 766 656 844 Deo
674 784 713 843 et
728 768 838 844 beato
853 766 1007 845 Bertino
1022 767 1061 841 in
1082 765 1327 844 elemosinam
1341 766 1493 858 tribuit3
1511 768 1562 844 ita
1578 784 1721 856 tamen,

306 914 349 975 ut
364 897 611 974 anathematis
630 896 797 1003 periculo
810 896 889 1002 ipse
907 913 944 971 et
958 896 1068 973 heres
1083 926 1173 973 suus
1185 895 1417 1004 subjaceant,
1433 898 1463 974 si
1479 899 1630 1004 quando
1641 927 1725 1005 pre·

180 1030 188 1038 ’
307 1027 443 1103 dictam
468 1026 710 1103 donationem
724 1024 939 1134 infringant.
957 1024 1159 1103 Assensum
1174 1054 1326 1131 quoque
1348 1055 1477 1103 meum
1499 1028 1587 1106 huic
1607 1030 1724 1106 dona-

304 1158 400 1234 tioni
417 1156 693 1248 confirmanda,
716 1185 802 1233 cum
822 1184 883 1231 me
898 1157 1098 1262 repatriare
1115 1156 1346 1262 contigisset,
1361 1158 1551 1262 acquirere
1567 1188 1606 1235 se
1622 1188 1725 1237 com·

306 1289 488 1392 promisit.
510 1288 613 1362 Hanc
632 1287 749 1362 eciam
773 1286 1017 1364 donationem
1038 1286 1224 1393 privilegii
1247 1286 1416 1379 datione,
1437 1290 1552 1363 trium
1573 1317 1723 1394 quoque

305 1417 516 1526 sigillorum
536 1417 801 1523 impressione,
828 1418 991 1523 episcopi
1016 1416 1158 1512 scilicet
1180 1435 1218 1493 et
1234 1416 1378 1494 abbatis
1399 1436 1436 1493 et
1455 1420 1530 1507 sui,
1553 1446 1723 1496 eommu-

306 1549 405 1625 niter
424 1568 514 1625 cum
529 1547 663 1624 abbate
688 1548 842 1624 ecclesie
867 1546 981 1623 sancti
1005 1547 1165 1634 Remini,
1198 1547 1368 1624 adhibito
1389 1548 1597 1625 multorum
1618 1552 1723 1628 testi-

306 1679 456 1770 monio,
477 1678 739 1783 sollempniter
766 1675 980 1754 confirmari
1000 1674 1048 1751 ah
1074 1676 1251 1782 episcopo
1271 1677 1500 1782 impetravit,
1524 1707 1622 1755 anno
1646 1681 1724 1757 Do·

304 1809 399 1883 mini
419 1819 459 1886 u⁰
479 1822 514 1884 οο
534 1808 806 1915 septuagesimo
831 1806 1004 1913 septimo.
1030 1805 1127 1882 Cum
1149 1805 1264 1912 igitur
1289 1807 1412 1884 divina
1432 1838 1492 1884 me
1515 1810 1723 1887 reduxisset

306 1938 504 2015 elementia
520 1965 619 2014 anno
636 1937 773 2013 abhinc
786 1936 922 2023 tercio,
940 1935 1005 2041 qui
1023 1952 1079 2011 est
1098 1963 1218 2012 annus
1232 1936 1347 2014 Verbi
1368 1938 1547 2015 incarnati
1567 1939 1723 2018 millesi-

303 2096 388 2143 mus
412 2067 637 2144 centesimus
661 2067 927 2173 octogesimus,
958 2081 996 2141 et
1016 2065 1116 2171 apud
1138 2066 1269 2171 Mepes
1289 2094 1467 2153 morarer,
1490 2087 1527 2145 ot
1543 2086 1719 2177 uterque,

303 2198 418 2276 abbas
437 2197 612 2275 videlicet
631 2213 669 2274 et
681 2196 926 2284 castellanus,
944 2196 983 2272 in
999 2225 1084 2273 mea
1111 2214 1225 2274 staret
1239 2198 1441 2303 presentia,
1460 2217 1588 2276 nactus
1610 2230 1722 2307 opor·

303 2328 462 2405 tunitate
474 2327 708 2415 castellanus,
720 2345 758 2405 et
768 2327 982 2436 sponsionis
994 2355 1060 2405 sue
1071 2355 1151 2405 non
1160 2327 1374 2421 immemor,
1389 2330 1585 2436 assumptis
1595 2360 1721 2407 secum

303 2456 430 2534 amicis
450 2458 542 2544 suis,
564 2459 629 2565 qui
649 2457 797 2535 etmihi
818 2457 958 2564 accepti
975 2473 1097 2548 erant,
1120 2485 1181 2534 me
1201 2456 1339 2534 obnixe
1355 2457 1574 2562 deprecatus
1589 2477 1661 2550 est,
1681 2480 1723 2536 ut

200 2678 203 2685 Ι
301 2588 508 2691 predictam
529 2587 793 2675 donationem,
815 2587 909 2663 sicut
924 2603 962 2662 et
982 2586 1085 2691 prius
1110 2587 1322 2693 episcopus,
1345 2588 1396 2663 ita
1416 2608 1454 2666 et
1473 2618 1542 2696 ego
1569 2591 1721 2667 ecclesie

301 2718 418 2794 sancti
431 2717 573 2795 Bertini
589 2718 781 2825 privilegio
795 2745 882 2795 meo
899 2734 937 2794 et
955 2716 1097 2825 sigillo,
1115 2734 1269 2824 propter
1283 2719 1508 2825 irreptiones
1521 2720 1722 2827 malignan-

300 2847 415 2935 tium,
436 2846 715 2925 conlirmnmm·
734 2850 783 2926 Ut
806 2877 895 2957 ergo
917 2849 1008 2925 huic
1030 2848 1222 2960 donationi
1245 2877 1358 2926 nemo
1379 2851 1517 2927 audeat
1536 2851 1574 2926 in
1595 2871 1721 2957 poste-

301 3006 385 3083 rum
407 2977 599 3084 refragari,
615 2978 654 3052 in
674 2979 859 3084 presentia
877 2978 1077 3055 hominum
1089 3006 1277 3064 meorum,
1290 2979 1356 3084 qui
1373 2978 1451 3055 illic
1465 2981 1633 3070 aderant,
1650 2982 1721 3087 pri-

300 3107 424 3217 vilegii
445 3107 596 3184 datione
618 3125 655 3184 et
674 3106 786 3214 sigilli
806 3110 880 3185 mei
898 3108 1145 3214 impressione
1165 3107 1305 3185 muniri
1328 3126 1365 3186 et
1385 3109 1618 3188 corroborari
1636 3110 1718 3188 feci.

301 3238 419 3344 Hujus
445 3238 740 3316 confirmationis
765 3258 803 3316 et
834 3239 1048 3317 donationis
1071 3255 1186 3316 testes
1213 3257 1326 3317 sunt:

488 3422 670 3486 ‹Gunannus
692 3425 728 3486 de
749 3423 927 3494 Meschines,
950 3424 1106 3506 sigillarius
1126 3444 1220 3484 meus,
1237 3424 1364 3490 Parrus,
1380 3422 1548 3505 capellanus
1567 3446 1665 3493 meus,
1684 3427 1721 3486 de

529 3527 657 3588 Ruould.
675 3527 812 3608 Magister
827 3529 1023 3595 Wrmrnuos,
1046 3526 1196 3607 Anglicus.
1213 3525 1386 3586 Barnuruus
1398 3525 1436 3604 de
1449 3526 1584 3588 Betunia.
1603 3527 1721 3588 Aureo-

530 3650 609 3698 uros.
625 3629 739 3712 dapifer
755 3630 792 3693 de
814 3629 922 3691 Sancto
940 3629 1123 3697 Audomaro,
1144 3629 1238 3689 etalii
1255 3627 1362 3712 plures.

356 3768 518 3846 «Actum
538 3788 594 3846 est
612 3770 686 3847 hoc
708 3797 807 3847 anno
830 3770 984 3849 Domini
1009 3784 1050 3847 rr⁰
1071 3780 1105 3848 o⁰
1126 3780 1236 3847 mut
1257 3809 1270 3838 a

869 4060 872 4065 ’
929 4042 1086 4118 XLIII.

708 4223 745 4263 ott
766 4222 939 4274 QUIBUSDAM
961 4223 1132 4266 SANC'IORUM
1154 4223 1310 4276 nuurouus.

355 4384 461 4461 Circa
477 4382 579 4460 idem
595 4400 761 4490 tempus,
779 4384 1002 4462 venerabilis
1026 4383 1141 4462 abbas
1159 4402 1298 4475 noster,
1320 4385 1367 4461 de
1387 4412 1464 4490 quo
1485 4388 1718 4466 mentionem

298 4513 459 4622 agimus,
484 4514 678 4621 reperiens
699 4514 880 4621 gloriosas
905 4514 1099 4622 reliquias,
1123 4513 1274 4622 digitale
1294 4514 1437 4593 scilicet
1455 4513 1564 4594 beate
1583 4520 1716 4609 Marie,

299 4644 426 4721 matris
439 4644 596 4732 Christi,
614 4675 702 4727 cum
715 4645 879 4752 *capillis
902 4663 941 4723 et
960 4645 1103 4723 diversa
1112 4644 1268 4754 pignera
1287 4645 1545 4754 apostolorum
1563 4650 1659 4726 Petri
1682 4667 1719 4727 et

298 4775 418 4864 Pauli,
436 4806 521 4853 eum
539 4774 735 4853 nonnullis
747 4777 830 4855 aliis
840 4793 1055 4855 sanctorum
1069 4775 1255 4883 reliquiis,
1273 4793 1405 4856 cuncte
1421 4776 1523 4882 plebi
1538 4806 1717 4865 veneran-
