4388 5850
547 491 865 567 MONASTERII
888 491 1105 569 SANCTAE
1132 490 1439 568 TRINITATIS.
1631 490 1704 567 ltlt7

917 756 1073 831 XLIX.

268 971 272 980 '
339 952 496 1038 Celestis
510 951 615 1059 regni
636 949 843 1056 promereri
859 940 1003 1056 appetit
1015 949 1249 1063 mansionem
1265 922 1436 1058 quisquis
1454 952 1502 1028 ad
1518 981 1608 1031 usus
1627 985 1709 1055 ser·¹

283 1112 414 1162 vorum
437 1080 508 1159 Dei
529 1079 691 1187 aliquam
713 1106 788 1155 suae
808 1096 965 1156 terrenae
984 1079 1228 1186 possessionis
1243 1077 1403 1188 largitus
1426 1080 1541 1159 fuerit
1564 1085 1710 1189 portio-¹

217 1308 220 1314 ⁵
283 1242 383 1291 nem.
406 1200 671 1317 Quapropter
659 1237 728 1317 ego
744 1184 963 1301 Ansfredus,
984 1208 1146 1291 Osberni
1165 1209 1213 1287 de
1232 1210 1294 1289 Ou
1313 1211 1558 1303 vicecomitis,
1577 1231 1705 1321 postea

281 1371 385 1430 vero,
405 1341 476 1420 Dei
491 1340 622 1449 gratia,
639 1328 958 1429 Hierosolimitani
978 1340 1172 1431 monachi,
1188 1326 1307 1431 filius,
1324 1340 1577 1447 annuentibus
1590 1328 1706 1420 domi·

283 1471 341 1551 nis
364 1471 474 1562 meis,
492 1472 643 1561 Emma,
662 1468 826 1547 Osberni
848 1468 1005 1577 dapiferi
1028 1498 1166 1562 uxore,
1189 1489 1227 1548 et
1243 1471 1385 1549 filiis
1353 1501 1471 1580 ejus
1447 1471 1647 1565 Willelmo
1668 1492 1705 1549 et

284 1600 476 1692 Osberoo,
496 1628 572 1677 una
592 1629 677 1677 cum
698 1598 858 1706 conjuge
878 1604 961 1675 mea
982 1592 1132 1691 Emma,
1156 1600 1340 1706 quicquid
1358 1602 1466 1707 potui
1487 1601 1705 1678 hereditatis

277 1732 365 1855 jure
388 1731 476 1808 dedi
497 1729 639 1808 Sancte
655 1728 828 1807 Trinitati
850 1727 1113 1838 Rotomagensi
1134 1729 1306 1809 coenobio
1330 1730 1377 1808 de
1398 1731 1578 1818 Montes
1568 1761 1607 1807 rn
1627 1761 1704 1838 quo

284 1845 440 1938 unicum
464 1858 588 1936 filium
608 1887 737 1935 meum
765 1858 920 1936 nomine
943 1857 1183 1967 Goiffredum
1203 1859 1324 1967 optuli
1344 1861 1426 1939 Deo
1450 1861 1701 1938 serviendum.

284 1993 368 2067 Haec
388 2008 475 2068 sunt
500 1990 615 2097 igitur
635 1987 789 2064 donaria
808 2015 890 2096 quae
914 1988 1108 2065 monachis
1130 1988 1220 2065 dedi
1240 2007 1326 2093 post
1347 1989 1496 2066 obitum
1514 2019 1645 2067 meum
1668 2009 1705 2068 et

286 2120 410 2196 uxoris
422 2147 531 2212 meae,
552 2146 621 2226 pro
642 2116 811 2194 remedio
833 2117 965 2194 anime
985 2145 1078 2194 meae
1093 2135 1369 2231 parentumque
1385 2147 1560 2195 meorum
1579 2138 1616 2196 et
1636 2151 1704 2227 pro

247 2270 250 2277 ·
286 2248 402 2326 salute
429 2248 672 2326 dominorum
696 2275 891 2336 meorum,
919 2264 1111 2325 annuente
1133 2246 1348 2337 Wiilelmo,
1379 2247 1508 2325 inclito
1534 2248 1703 2355 principe

285 2381 616 2456 Normannorum:
644 2379 683 2453 in
709 2356 898 2455 territorio
924 2376 1206 2485 Rotomagensi,
1238 2376 1278 2453 iu
1298 2376 1392 2477 yalle
1420 2378 1584 2455 Rioberii
1608 2396 1645 2456 et
1664 2380 1703 2455 in

285 2508 369 2585 villa
387 2508 513 2588 Sancti
533 2507 659 2585 Jacobi
681 2524 719 2584 ct
738 2507 961 2614 Caprevilla,
982 2518 1022 2584 ‘et
1035 2534 1150 2613 super
1170 2494 1398 2613 Sequanam,
1420 2506 1503 2585 loco
1523 2507 1590 2615 qui
1612 2508 1710 2586 dici--

284 2656 348 2717 tur
373 2638 524 2730 Saibus,
546 2635 731 2746 quioquid
750 2636 824 2713 mei
834 2636 932 2742 juris
951 2638 1045 2728 era{;
1068 2652 1107 2714 et
1130 2636 1230 2714 iuter
1254 2620 1430 2715 Chiriilei
1457 2654 1496 2714 et
1525 2636 1703 2716 Corolme

285 2767 363 2843 duo
380 2768 476 2873 prati
484 2769 635 2876 jugera,
651 2783 689 2844 et
701 2767 802 2844 inter
814 2766 927 2844 unius
941 2765 1238 2858 nominis'villas,
1249 2766 1291 2843 id
1306 2784 1362 2847 est
1373 2766 1565 2855 Chiviilei,
1582 2794 1710 2845 unum·

286 2896 381 3002 prati
397 2925 546 3004 agrum,
563 2914 601 2973 et
615 2897 654 2973 in
668 2896 899 2973 Ermentrud
912 2894 999 2984 villa
1014 2895 1093 2973 duo
1108 2896 1203 3002 prati
1214 2896 1369 3005 jugera,
1388 2897 1481 2974 etin
1496 2899 1710 3007 Rotomago

285 3027 445 3104 domum
468 3054 592 3103 meam
613 3027 821 3133 propriam,
851 3043 889 3104 et
916 3024 1161 3123 insuburbio
1187 3028 1384 3133 Rotomagi
1407 3027 1596 3121 vineami,
1618 3038 1708 3105 cu'm'

287 3157 403 3233 domo
422 3174 461 3234 et
481 3156 636 3234 diversis
650 3153 848 3233 arboribus
867 3152 1080 3233 fructiferis.
1101 3156 1188 3233 Haec
1199 3155 1337 3233 'omnia
1351 3172 1431 3265 ‘ego
1452 3176 1490 3235 et
1507 3186 1603 3235 uror
1621 3186 1705 3234 mea

285 3287 418 3362 Emma
435 3286 658 3394 supradictis
675 3285 869 3364 monachis
885 3285 1022 3364 devote
1038 3285 1283 3378 tradidimus,
1299 3286 1550 3392 imprecantes
1570 3288 1710 3364 harum

286 3417 459 3493 omnium
488 3445 605 3525 parvae
628 3416 687 3494 vel
695 3394 849 3524 ‘magne
874 3415 990 3523 partis
1015 3415 1192 3521 deinceps
1219 3415 1429 3494 invasorem
1457 3415 1712 3493 donationum-

285 3548 521 3648 anathemate
541 3563 742 3654 perpetuo,
763 3546 894 3624 sinon
913 3543 1149 3630 satisfecerit,
1173 3543 1466 3650 dampnandum.
1488 3543 1622 3622 Arnen.
1675 3558 1678 3563 '

453 3710 577 3791 Signum
595 3708 770 3776 Wrncsmrr,
788 3695 913 3770 comitis.
933 3704 1060 3791 &pum
1078 3706 1247 3770 WrnmnuL
1272 3707 1398 3790 Signum
1415 3707 1555 3772 Osnsnu.
1581 3696 1709 3792 Signum

495 3811 605 3879 Enna
620 3809 721 3870 matris
742 3829 855 3871 sorum
875 3807 1001 3893 Signum
1016 3808 1179 3885 masor,
1197 3811 1251 3895 qui
1273 3810 1352 3875 banc
1369 3811 1558 3874 donationem
1572 3811 1648 3873 fecit.
1664 3811 1711 3874 Si*

495 3932 589 3995 gnum
608 3911 723 3981 Εικι.
736 3912 832 3973 uxoris
848 3915 921 3998 ejus.
928 3911 1059 3995 ὃίμιιω
1073 3910 1244 3983 Munus.
1255 3912 1407 3977 hresurii
1419 3911 1544 3996 Signum
1559 3913 1705 3979 Rarnocor

431 4093 433 4096 y
498 4014 536 4076 de
548 4011 664 4075 balbus
673 4012 810 4107 Signum
810 4013 901 4077 Prrar
903 4013 1126 4114 ,parmenuni
1129 4013 1230 4077 Testes
1240 4025 1380 4079 exnosua
1390 4025 1490 4099 parte
1504 4016 1657 4079 channus
1669 4015 1707 4076 dc

495 4115 651 4186 Drincurt,
653 4102 833 4186 Tonomos,
849 4100 973 4179 freter·
949 4138 1027 4215 qun
1044 4116 1211 4187 bresanus,
1231 4114 1372 4187 κυωοαίς
1387 4115 1544 4181 Qnrnros
1557 4100 1711 4223 bruscos·-

477 4203 569 4290 nn,
561 4217 733 4281 Roomros
743 4218 870 4281 Poscor
1768 4210 1779 4217 ”

971 4446 1017 4522 L.

342 4641 383 4715 a
407 4640 477 4718 oei
504 4636 669 4721 nomine.
696 4639 833 4718 Notum
863 4639 911 4717 a
938 4620 1117 4747 omanus
1144 4639 1283 4718 chaat
1317 4655 1356 4725 a
1380 4612 1512 4717 anate
1537 4640 1699 4719 ecclesia

330 4801 338 4832 ¹
362 4803 451 4864 Vinea
466 4804 496 4864 in
510 4804 652 4866 suburbio
666 4754 908 4886 Rodromagensi,
922 4815 1023 4867 notatu
1037 4803 1142 4887 'digne
