4478 5842
326 479 370 547 to
542 492 545 497 ·
664 474 1079 551 cflantutttnutt
1119 472 1398 563 stTHtENsn,

322 634 449 720 postea
482 618 521 692 in
548 634 684 694 aeterna
713 616 956 725 quietudine,
990 646 1060 723 pro
1094 616 1153 695 sui
1187 614 1326 695 laboris
1357 614 1512 706 sudore,
1547 618 1740 725 quiescere

320 746 591 853 perpetualiter
617 764 770 855 prestat.
792 748 901 825 Unde
929 774 1083 855 quoque
1111 747 1172 857 lit,
1201 764 1261 838 ut,
1288 774 1422 825 eornm
1448 749 1631 825 memoria
1657 748 1740 825 lau·

319 878 461 967 dando,
489 907 638 984 semper
661 876 878 987 magnificet
899 876 940 955 in
966 877 1092 971 terris,
1115 904 1282 987 quarm
1303 878 1567 985 perpetuitatis
1586 880 1740 958 nomina

317 1010 356 1082 in
389 1009 605 1086 coelestibus
634 1008 924 1087 conscribuntur
959 1008 1065 1086 albis.
1094 1011 1198 1086 lnter
1229 1036 1326 1115 quos
1358 1008 1468 1086 nobis
1499 1037 1567 1117 pre
1600 1012 1741 1129 caeteris

318 1167 433 1230 nnus,
456 1168 580 1215 coram
595 1138 679 1217 Deo
696 1138 947 1246 praesentique
961 1139 1114 1231 sarculo,
1134 1140 1254 1216 carior
1267 1138 1436 1216 consistit
1456 1140 1656 1245 patronus}
1672 1142 1739 1249 qui

315 1270 407 1343 visui
430 1286 564 1347 nostrae
587 1269 741 1357 mentis,
762 1296 849 1345 cum
874 1267 946 1345 alta
976 1296 1145 1375 supernae
1169 1268 1426 1346 meditationis
1444 1271 1632 1360 ascendit,
1660 1270 1740 1383 glo-

315 1399 436 1475 riosus
454 1415 608 1505 apparet
628 1398 745 1475 veluti
763 1426 899 1475 aureus
923 1400 1062 1507 Tytan,
1085 1428 1189 1488 cum,
1214 1426 1310 1475 novo
1329 1427 1456 1490 mane,
1478 1428 1606 1477 crocea
1626 1400 1740 1479 relin-

314 1558 435 1632 quens
460 1529 598 1606 cubilia
621 1528 900 1636 septemplicia,
930 1527 1097 1635 praeclari
1128 1527 1301 1615 luminis,
1332 1555 1401 1633 per
1427 1546 1553 1608 totum
1582 1531 1737 1635 proclivi

312 1660 436 1737 saeculi
461 1661 649 1738 rotatilem
674 1660 824 1751 orbem,
851 1658 986 1767 fugatis
1004 1658 1190 1749 tenebris,
1214 1686 1280 1735 sua
1307 1657 1446 1734 emittit
1473 1661 1630 1764 spicula;
1648 1662 1737 1767 quia

312 1792 349 1866 in
372 1790 472 1867 illius
489 1810 596 1899 typo,
618 1820 686 1896 per
709 1792 834 1869 Sancti
854 1790 1071 1867 Pneurnatis
1088 1816 1264 1879 munera,
1286 1790 1334 1864 ad
1359 1817 1526 1866 amorem
1549 1791 1619 1867 Dei
1642 1791 1739 1869 elec-

312 1939 438 1997 torum
463 1949 551 2028 sepe
579 1922 809 2000 sufficienter
838 1922 1096 1999 accenduntur
1124 1920 1249 1996 corda.
1276 1920 1515 2025 Quapropter
1543 1920 1582 1997 in
1605 1921 1737 2026 primis

312 2051 450 2127 latinus
470 2081 592 2129 sermo
613 2052 905 2159 ethimologiam
926 2051 984 2129 sui
1000 2040 1167 2130 nominis
1182 2048 1295 2127 licere
1311 2048 1382 2125 sibi
1408 2048 1632 2155 depromere
1650 2048 1737 2126 dili-

309 2199 442 2285 genter
460 2182 572 2289 petit,
589 2211 703 2290 quem
725 2183 849 2261 omnis
873 2164 981 2290 plebs
997 2179 1161 2288 vulgaris
1179 2180 1340 2286 simplici
1364 2179 1546 2259 vocabulo
1561 2180 1736 2259 Bertinus

310 2327 488 2390 consuete
500 2316 659 2418 promit;
677 2314 764 2420 quia
784 2315 865 2421 ejus
876 2312 1206 2420 significationem,
1221 2340 1307 2387 cum
1322 2310 1370 2386 sit
1381 2308 1580 2415 profunda,
1597 2304 1735 2388 mellus
1842 2408 1846 2415 Ι

309 2470 527 2549 nuncupare
544 2471 622 2521 non
641 2443 756 2520 novit.
782 2443 931 2519 Benim
951 2442 1074 2550 prima
1092 2441 1210 2548 ipsius
1231 2439 1403 2517 vocabuli
1423 2440 1580 2546 ponitur
1592 2438 1731 2533 littera,

312 2602 357 2648 en
378 2574 481 2679 quod
503 2574 549 2651 ab
569 2574 647 2679 ipsa
666 2602 816 2679 semper
836 2575 940 2649 bonus
956 2572 1130 2649 extiterat
1144 2570 1312 2647 infantia.
1328 2570 1395 2647 ER
1410 2556 1585 2645 similiter
1602 2566 1733 2681 silleba

309 2705 490 2810 sequitur,
512 2734 595 2809 quae
619 2704 730 2780 datur
748 2702 909 2810 intelligi
929 2702 1135 2779 hereditarii
1152 2699 1375 2808 significatio
1397 2715 1493 2788 tota3
1513 2716 1733 2807 mutataque

311 2842 336 2909 tt
356 2834 395 2909 in
415 2863 476 2919 na,
506 2832 639 2910 sillaba
658 2832 781 2908 adhuc
806 2860 901 2922 una,
926 2832 972 2908 ab
1001 2860 1046 2908 eo
1068 2831 1174 2937 quod
1196 2847 1311 2917 notas,
1334 2846 1378 2906 ut
1397 2830 1447 2905 ita
1462 2828 1738 2937 conglomerati

309 2961 562 3040 subinferatur
588 2963 667 3067 ipse
695 2965 799 3038 bonus
821 2964 919 3038 freres
947 2959 1058 3038 nobis
1083 2977 1200 3048 natus,
1229 2976 1266 3037 ct
1289 2988 1309 3035 a
1335 2960 1502 3037 Domino
1523 2960 1625 3049 Dee,
1655 2958 1732 3037 sr‘t'n

307 3092 466 3167 feliciter
487 3092 721 3199 exigentibus
741 3092 906 3179 meritis,
923 3091 962 3166 in
983 3091 1115 3166 saecula
1138 3091 1264 3178 datus,
1285 3091 1388 3167 unde
1403 3119 1472 3196 pro
1491 3090 1628 3167 nostris
1642 3088 1732 3167 faei-

309 3224 465 3298 noribns
481 3223 705 3300 intercessor
717 3221 888 3327 quotidie
909 3220 1079 3299 consistit
1093 3220 1314 3327 praecipuus.
1331 3223 1440 3298 Nunc
1453 3220 1568 3329 igitur
1583 3248 1660 3297 nou
1675 3238 1733 3297 est

307 3380 468 3442 neccsse,
484 3381 555 3430 nec
568 3353 643 3430 hoc
659 3352 771 3429 etiam
789 3369 924 3428 nostrae
938 3351 1020 3457 opis
1035 3368 1101 3439 est,
1117 3367 1160 3428 ut
1170 3351 1265 3429 tanti
1279 3353 1427 3457 patroni
1441 3350 1632 3440 miracula,
1647 3380 1730 3459 quae

307 3484 497 3587 perillum
513 3483 722 3575 Dominus,
738 3484 820 3591 ipso
836 3483 961 3559 adhuc
980 3482 1019 3558 in
1033 3510 1189 3587 corpore
1202 3482 1366 3576 vivente,
1384 3506 1538 3589 operare
1555 3482 1730 3591 dignatus

306 3632 361 3690 est
381 3614 675 3720 quamplurima,
698 3614 760 3691 hic
779 3630 915 3693 nostrae
938 3611 1153 3691 stoliditatis
1185 3630 1309 3691 sermo
1330 3613 1370 3689 in
1397 3613 1511 3719 hujus
1538 3612 1730 3691 brevitatis

304 3746 558 3829 succinctione
584 3743 642 3821 vel
673 3744 766 3851 quid
791 3772 925 3851 parum
952 3772 1018 3820 sua
1042 3760 1243 3850 praesumat
1265 3760 1418 3855 tangere
1449 3744 1614 3835 audatia;
1639 3770 1728 3819 nam

305 3878 544 3982 onustisque,
561 3868 743 3983 quamdiu
760 3875 799 3951 in
814 3875 888 3952 hoc
904 3876 1050 3952 mundo
1070 3873 1218 3951 felicem
1237 3877 1372 3985 agebat
1390 3875 1518 3965 vitam,
1533 3872 1593 3949 vel
1612 3872 1728 3949 insui

303 4007 481 4083 transitus
500 4007 661 4083 novitate
677 4005 825 4083 fuerant
845 4005 956 4093 facta,
975 4005 1081 4082 valde
1101 4005 1220 4111 perita
1240 4032 1375 4083 manns
1398 4002 1588 4111 scriptoris
1606 4002 1727 4081 insua

304 4137 520 4245 legentibus
537 4153 709 4244 patenter
727 4136 849 4213 edidit
866 4137 969 4215 vita¹.
988 4139 1063 4213 Nos
1083 4137 1234 4215 interim
1256 4138 1303 4215 ad
1324 4134 1547 4242 multiplicia
1565 4135 1647 4243 ejus
1662 4134 1727 4209 de-

303 4268 536 4359 sudamenta,
559 4297 653 4372 quse,
672 4294 743 4372 pro
761 4266 835 4343 loci
854 4266 912 4344 sui
929 4266 1118 4343 erectione
1139 4266 1373 4344 laboratione
1395 4265 1540 4343 sudavit
1561 4261 1723 4351 assidua,

303 4412 476 4501 optamus
492 4397 589 4472 dicta
605 4397 809 4487 reflectere,
827 4398 856 4473 si
874 4398 953 4504 ipse
973 4424 1127 4504 quoque
1146 4396 1324 4503 dignetur
1338 4396 1480 4473 adesse.
1496 4398 1601 4483 Nam,
1623 4420 1723 4480 cum,

302 4526 447 4613 relicta,
477 4527 686 4605 secundum
706 4527 861 4603 Domini
876 4543 1125 4633 praeceptum,
1150 4526 1286 4630 patria,
1309 4525 1435 4603 Sithiu
1456 4555 1541 4603 cum
1573 4520 1726 4601 duobus
1775 4632 1778 4638 ι

344 4732 350 4761 ¹
375 4730 404 4799 S.
419 4728 531 4791 Bertini
543 4728 600 4788 rita
611 4729 690 4791 edita
705 4740 748 4791 est
759 4752 777 4790 a
789 4730 897 4791 Mobill.
907 4729 977 4793 Soec.
1037 4753 1054 4790 a
1070 4728 1238 4789 Bollandist.
1257 4730 1334 4813 Sept.
1355 4741 1375 4789 t.
1390 4726 1430 4802 ll,
1452 4749 1517 4811 pag.
1536 4726 1596 4788 586
1612 4738 1640 4785 et
1658 4744 1720 4811 sqq.

301 4834 400 4896 Bmed.
424 4830 480 4903 111,
503 4843 573 4915 part.
599 4852 626 4917 ρ,
654 4852 719 4916 pag.
746 4834 804 4896 108
824 4844 853 4893 et
871 4852 933 4915 sqq.
953 4843 980 4893 et
1039 4834 1100 4916 59⁰
1112 4843 1142 4895 et
1152 4852 1211 4908 sqq.
