4478 5842
360 497 430 568 rsa
706 487 1112 597 cnanrunaruuu
1144 488 1427 574 sufflasse.

355 635 493 727 tribus,
513 631 742 709 necessitatis
769 659 876 708 eausa
896 628 955 706 vel
986 627 1199 705 dilectionis
1224 628 1358 736 gratia,
1389 647 1539 709 vocatus
1565 631 1775 722 advenerit,

356 793 422 850 ne,
438 762 720 869 importunitate
735 761 791 837 stri
812 759 1153 865 ministrorumque
1169 785 1326 834 suorum
1340 757 1622 866 inquietudine,
1644 760 1777 838 batres
1852 790 1896 845 ss

355 895 412 972 vel
431 893 544 971 abbas
568 893 776 970 sustineant
790 888 908 966 ullam
930 889 1160 978 molestiam,
1182 905 1220 964 et
1241 889 1295 965 sic
1314 888 1349 965 ei
1372 908 1502 967 cuncta
1518 890 1672 969 lesionis
1688 891 1776 968 fisn-

355 1026 456 1101 ditus
475 1023 596 1100 ablata
612 1037 813 1127 potestate,
836 1018 1055 1095 nullatenus
1076 1018 1280 1125 aliquando
1306 1019 1346 1095 io
1368 1036 1492 1097 vestro
1510 1038 1678 1098 versetur
1693 1048 1779 1130 gra-

354 1154 511 1230 vamine.
543 1153 672 1241 Unde,
697 1149 898 1256 apostolice
925 1148 1025 1225 sedis
1053 1176 1231 1236 censura,
1254 1147 1325 1225 sub
1352 1148 1474 1225 divina
1505 1150 1777 1227 contestatione

350 1283 495 1391 juditii,
517 1282 764 1359 anathematis
785 1279 1026 1385 impositione
1052 1295 1272 1368 statuentes,
1296 1260 1558 1357 interdicimus
1579 1298 1623 1358 ut
1646 1280 1779 1359 nullus

355 1440 522 1521 uuquam
543 1413 805 1517 episcoporum
820 1438 887 1486 seu
907 1408 1107 1516 cujusllbet
1122 1409 1267 1486 ordinis
1284 1407 1519 1501 clericorum,
1534 1410 1595 1487 vel
1614 1410 1779 1517 quilibet

355 1544 591 1650 publicarum
610 1541 800 1617 actionum
820 1538 1112 1628 administrator,
1133 1555 1201 1614 seu
1218 1538 1292 1615 alia
1303 1539 1475 1644 quelibet
1497 1556 1563 1644 aut
1576 1557 1779 1648 qtranturn-

355 1673 448 1749 libet
466 1699 599 1778 magna
613 1696 796 1776 parvaque
812 1695 988 1774 persona,
1010 1668 1148 1744 audeat
1159 1666 1217 1746 rel
1238 1687 1433 1773 presumat
1450 1687 1580 1748 contra
1594 1673 1668 1749 hoc
1691 1699 1778 1749 nos-

353 1819 455 1878 trum
475 1799 711 1908 privilegium
736 1827 862 1905 agere,
891 1815 955 1874 aut
978 1798 1068 1874 inde
1088 1798 1285 1904 quitquam
1309 1799 1491 1892 alienare,
1519 1801 1687 1890 auferre,
1712 1820 1778 1880 ant

355 1932 524 2008 minuere
545 1929 604 2006 rel
623 1928 849 2038 transgredi3
871 1928 939 2005 sed
956 1928 1082 2034 potius
1101 1928 1254 2005 firmum
1276 1957 1317 2006 ac
1332 1922 1464 2007 stabile
1480 1932 1774 2038 imperpetuum,

354 2062 449 2138 sicut
471 2091 492 2137 a
512 2059 622 2137 nobis
642 2086 859 2135 concessum
887 2074 925 2134 ct
949 2057 1213 2149 confirmatum
1233 2076 1310 2150 est,
1336 2079 1570 2164 permaneam
1591 2063 1775 2169 liceatque

355 2190 478 2268 abbati
510 2189 570 2266 vel
594 2188 774 2267 fratribus
792 2188 1008 2264 monasterii
1030 2188 1146 2293 ipsius
1166 2189 1407 2293 apostolicam
1432 2191 1562 2267 sedem
1588 2193 1776 2297 appellare

356 2338 483 2398 contra
497 2318 757 2427 quorumlibet
770 2318 971 2396 bominum
991 2318 1183 2425 injuriam,
1195 2320 1246 2406 si,
1260 2347 1328 2423 per
1341 2320 1556 2425 episcopum
1565 2322 1777 2400 Tarusnen·

355 2480 434 2527 sem
456 2467 523 2527 aut
543 2448 865 2555 archiepiscopum
879 2449 1121 2539 lismensem,
1138 2448 1346 2526 satisfacere
1360 2449 1532 2555 predicto
1547 2453 1777 2530 monasterio

210 2595 220 2614 ⁹
355 2582 599 2688 ejusdemque
616 2579 824 2658 rectoribus
843 2579 1149 2685 contempserint.
1165 2579 1307 2686 Siquis
1323 2598 1466 2674 autem,
1486 2582 1590 2687 quod
1610 2610 1689 2659 non
1708 2610 1775 2689 op-

354 2727 492 2802 tamus,
504 2710 706 2787 temerario
718 2738 829 2802 ausu,
842 2726 972 2788 contra
985 2711 1060 2787 hoc
1075 2727 1250 2787 nostrum
1266 2708 1467 2815 apceptice
1483 2711 1582 2788 sedis
1594 2728 1776 2789 statutum

356 2840 393 2915 ia
409 2864 599 2945 quoquam
618 2856 802 2915 temerare
823 2839 881 2915 vel
907 2838 1145 2946 confringere
1164 2826 1449 2945 presumpserit,
1470 2857 1508 2918 et
1527 2842 1777 2920 contradictor

355 2966 457 3043 illius
473 2967 636 3044 extiterit
648 2967 689 3041 in
701 2967 848 3072 aliquo,
870 2968 1089 3044 auctoritate
1109 2982 1234 3044 sancte
1253 2985 1298 3044 et
1310 2969 1503 3047 individue
1522 2972 1716 3048 Trinitatis
1738 2989 1777 3048 et

355 3094 610 3200 apostolorum
630 3094 807 3199 principis
825 3095 944 3182 Petri,
969 3096 1096 3202 cujus,
1111 3095 1201 3172 licet
1218 3097 1385 3204 indigni,
1409 3099 1625 3206 dignatione
1648 3118 1796 3179 tamen·

354 3224 496 3301 vicibus
514 3222 719 3330 fungimur,
739 3221 891 3299 vinculo
912 3224 1159 3300 anathematis
1175 3226 1424 3330 mancipatus,
1448 3255 1468 3302 a
1493 3255 1609 3333 regno
1631 3230 1703 3306 Dei
1721 3257 1777 3306 se·

354 3371 542 3462 gregatos,
564 3351 718 3431 diabolo
735 3369 773 3430 et
787 3351 931 3460 angelis
947 3353 1047 3460 ejus,
1072 3352 1144 3428 nisi
1164 3353 1393 3458 resepiscens
1417 3353 1625 3443 satisfaciat,
1658 3357 1779 3434 indis-

354 3481 565 3560 solubiliter
579 3498 814 3591 aggregetur.
825 3483 1001 3576 Quirero
1012 3483 1257 3589 piorcspectu
1276 3484 1533 3576 observaverit,
1547 3513 1589 3561 ac
1602 3485 1778 3566 defensor

354 3612 467 3720 liujus
489 3612 783 3692 confirmationis
803 3626 841 3690 et
863 3612 1113 3690 concessionis
1126 3613 1306 3703 extiterit,
1331 3629 1515 3720 potestate
1533 3612 1634 3690 beati
1654 3616 1775 3708 Petri,

355 3742 612 3846 apostolorum
641 3741 840 3846 principis,
862 3769 904 3817 ac
919 3758 1134 3818 sanctorum
1154 3741 1411 3821 consessorum
1433 3743 1641 3822 audomari
1664 3763 1777 3851 atque

356 3870 519 3960 Bertini,
545 3868 692 3946 celestis
720 3869 825 3977 regni
847 3868 1044 3947 iritroitum
1069 3886 1108 3947 et
1131 3872 1285 3976 gratiam
1309 3888 1421 3978 atque
1445 3872 1602 3980 §oriam
1627 3901 1647 3948 a
1668 3874 1775 3981 justo

351 3997 656 4105 judiceDomiao
669 3999 755 4077 Deo
770 4015 903 4077 nostro
917 3998 1103 4105 vitamque
1120 4017 1291 4078 eternam
1301 4001 1498 4106 percipere
1514 4019 1720 4092 recreatur,
1733 4003 1774 4079 in

356 4127 481 4205 secula
499 4128 727 4206 seculorum.
749 4128 883 4207 Amen.
1564 4200 1567 4204 s

414 4257 629 4364 «Scriptum
645 4285 714 4363 per
730 4287 863 4336 manus
882 4258 1062 4339 eunom
1077 4261 1230 4352 notarii,
1250 4289 1355 4339 anno
1371 4264 1565 4341 dominice
1575 4263 1777 4342 nativitatis

357 4384 562 4466 millesime
580 4387 893 4495 quinquagesimo
909 4390 1081 4496 septimo.

414 4622 519 4731 «Ego
534 4625 773 4718 idumaeus,
794 4626 915 4707 dictus
935 4629 1129 4735 episcopus
1147 4647 1272 4707 sanate
1291 4564 1447 4707 ecclesie
1465 4630 1564 4707 Silve
1584 4623 1773 4723 Candide,

357 4746 531 4843 interlui,
552 4769 591 4831 et
611 4753 763 4861 propria
780 4779 894 4834 manu
919 4757 1131 4865 urbscripsi.
