4478 5842
321 484 394 552 scs
669 478 1073 569 cuneronaruuu
1100 450 1377 553 strnrsrvss.

322 641 446 700 torum
462 622 633 701 locorvm
652 620 821 723 violatio,
845 618 1086 697 eeclesiarum
1106 619 1278 696 omnium
1302 616 1404 731 infra⁸
1419 618 1554 697 urbem
1569 601 1742 726 'expolia-

318 755 384 831 tio.
419 756 494 831 Nec
526 753 683 832 minoris
709 750 843 830 sevicie
869 767 916 829 et·
933 750 1148 855 cupiditatis
1180 748 1369 858 exemplo,
1402 752 1451 829 ad
1478 750 1741 830 confusionem

318 886 438 961 tocius
463 883 634 973 ecclesie,
661 882 761 958 inter
787 899 990 986 utrumque
1021 881 1251 957 decertatum
1280 899 1350 968 est,
1374 912 1486 989 quarn
1514 884 1612 959 inter
1632 884 1742 959 Pom-

223 1110 232 1126 ι
318 1015 446 1117 peium
478 1032 516 1090 et
535 1014 669 1092 Caium
691 1012 882 1099 cesarem,
913 1011 961 1086 ad
985 1010 1259 1090 desolationem
1280 1012 1400 1088 tocius
1426 1014 1531 1090 urbis
1560 1030 1597 1089 et
1625 1010 1738 1088 orbis.

318 1143 511 1220 Remensis
538 1170 625 1219 vero
654 1143 727 1219 hoc
752 1141 927 1229 audiens,
960 1141 1007 1218 de
1031 1143 1159 1224 medio
1177 1143 1311 1219 itinere
1331 1170 1499 1221 reversus
1525 1159 1597 1230 est3
1628 1142 1741 1279 abqas

319 1292 445 1350 autern
461 1291 588 1350 noster
608 1275 766 1348 Romam
784 1271 966 1377 pervenit,
993 1289 1030 1347 et
1051 1273 1089 1348 in
1110 1272 1175 1349 tali
1196 1271 1477 1378 perturbatione
1494 1300 1626 1351 omnes
1641 1274 1741 1348 inve·

318 1405 385 1479 nit.
412 1403 629 1510 Auditoque
649 1402 896 1507 prudentium
917 1401 1083 1480 sednon
1103 1419 1254 1509 recepto
1281 1403 1458 1494 consilio,
1483 1420 1527 1480 ut
1547 1431 1740 1508 cumpace

317 1535 469 1611 rediens
480 1534 605 1610 neutri
620 1533 715 1638 parti
734 1531 888 1620 sereret,
903 1531 1024 1608 donec
1038 1533 1236 1608 terminata
1253 1532 1440 1612 discordia
1454 1551 1568 1624 esset,
1583 1534 1630 1610 ab
1646 1533 1743 1609 Ana-

318 1665 431 1755 eleto‚
463 1665 528 1770 qui
558 1663 726 1742 Cluniaei
756 1691 777 1738 a
805 1688 921 1767 puero
951 1661 1159 1739 monachus
1191 1679 1284 1754 eret,
1317 1654 1556 1770 privilegium
1588 1663 1742 1739 ecclesie

317 1794 516 1872 Sithiensis
540 1794 762 1900 impetravit.
785 1794 893 1869 Un'de
917 1793 1156 1869 Innocentius
1182 1809 1337 1899 propter
1359 1792 1432 1871 hoc
1452 1792 1568 1900 illum
1592 1820 1742 1869 excom-

316 1926 529 2002 municavit.
551 1924 599 2001 At
617 1926 750 2003 Petrus
770 1921 985 2013 Anacletus,
1007 1921 1171 1999 levorem
1189 1940 1230 1999 et
1249 1951 1439 2000 assensum
1460 1921 1611 2029 Rogeri,
1635 1922 1741 1999 ducis
1822 1990 1841 2025 ,¹
1906 2000 1913 2009 ,

317 2056 442 2133 Sicilie
463 2074 501 2132 et
525 2055 678 2161 Apulis,
701 2082 788 2132 cum
804 2052 980 2131 omnibus
996 2052 1162 2130 ecclesiis
1177 2052 1333 2130 ditionis
1351 2082 1417 2130 sue
1433 2051 1506 2130 sibi
1520 2050 1739 2143 concilians,

317 2216 336 2262 a
365 2184 561 2282 nonnullis
585 2184 782 2263 videbatur
808 2210 917 2289 posse
947 2182 1149 2289 prevalere.
1183 2184 1424 2260 Innocentius
1451 2211 1554 2272 varo,
1584 2182 1740 2289 sapienti

318 2347 408 2395 usus
432 2315 610 2403 consilio,
639 2314 774 2393 urbem
799 2314 929 2406 exivit,
960 2312 1185 2392 Cluniacum
1211 2313 1395 2422 pervenit,
1424 2311 1617 2389 ecclesiam
1644 2311 1740 2390 inibi

319 2448 564 2553 consecravit3
580 2464 624 2523 et
637 2463 767 2553 postea
785 2445 930 2530 Remis,
947 2473 1043 2550 pene
1058 2462 1136 2522 teta
1154 2446 1299 2524 civitate
1319 2462 1358 2524 et
1373 2444 1557 2522 latinitate
1575 2443 1738 2535 favente,
1765 2507 1770 2514 .

319 2546 791 2682 conciliunisolempniter
812 2574 1022 2653 celebravit.

951 2868 1102 2943 CXIV.

661 3060 697 3097 ott
719 3058 860 3100 rsnnstrtt
882 3058 1036 3114 IOHANNIS,
1060 3058 1236 3100 uostttosott
1260 3059 1396 3102 srtsoorr.

375 3232 499 3309 Abbas
526 3234 717 3309 lohannes
739 3234 851 3310 tertio
874 3235 992 3310 Roma
1017 3234 1185 3325 rediens,
1208 3236 1438 3326 lohannem,
1467 3237 1529 3344 pie
1560 3237 1739 3312 memorie

319 3367 625 3441 Taruannensem
640 3362 875 3469 episcopum,
896 3363 1017 3441 obisse
1032 3362 1185 3440 invenit.
1198 3364 1267 3440 Hic
1280 3393 1299 3440 a
1314 3395 1433 3472 puero
1449 3365 1608 3443 feliciter
1619 3365 1739 3442 vivere

318 3495 516 3601 incipiens,
534 3495 693 3573 feliciori
708 3523 908 3602 progressu
921 3494 1058 3572 cotidie
1073 3493 1121 3570 de
1133 3494 1270 3571 virtute
1282 3495 1322 3570 in
1333 3496 1511 3574 virtutem
1523 3494 1737 3602 proficiens,

318 3626 496 3703 ultimum
518 3627 619 3703 diem
644 3624 859 3703 felicissimo
882 3624 957 3702 fine
974 3624 1168 3702 conclusit.
1194 3627 1351 3732 Jamque
1372 3628 1469 3703 mori
1485 3626 1666 3733 incipiens
1685 3653 1742 3702 or·
1782 3650 1788 3657 ·

318 3775 582 3834 namentorum
604 3774 641 3832 et
661 3754 847 3834 librorum
866 3756 1031 3863 copiam,
1057 3756 1097 3829 in
1120 3783 1283 3861 quorum
1308 3756 1558 3863 adquisitione
1584 3757 1740 3833 devotus

217 3947 222 3958 .
319 3887 584 3997 invigilarem,
598 3889 680 3965 Deo
698 3888 852 3996 ejusque
870 3887 978 3964 matri
993 3885 1119 3964 offerri
1136 3914 1249 3991 super
1269 3886 1382 3966 altare
1396 3888 1574 3995 precepit.
1591 3886 1739 3965 Deinde

319 4019 445 4094 onmia
470 4047 543 4126 que
567 4016 771 4095 necessaria
799 4034 905 4094 erant
924 4017 963 4103 in
986 4044 1097 4093 usum
1118 4016 1165 4091 ad
1191 4017 1363 4127 exequias
1386 4019 1466 4126 ejus
1483 4017 1738 4102 venientium,

318 4168 393 4225 tam
406 4179 614 4257 pauperum
625 4178 739 4257 quam
755 4148 929 4238 divitum,
943 4175 1010 4253 per
1025 4146 1320 4252 dispensatorem
1336 4148 1525 4261 preparari
1538 4148 1643 4239 fecit3
1656 4165 1741 4253 post

318 4278 478 4384 qualiter
497 4280 694 4357 defunctus
716 4279 908 4358 debuisset
921 4278 1045 4368 indui,
1067 4277 1126 4354 vel
1141 4277 1208 4355 ubi
1225 4277 1376 4385 sepeliri
1395 4279 1525 4373 vellet,
1545 4278 1744 4356 sanissimo

205 4480 215 4499 ,
319 4434 428 4485 sensu
449 4410 653 4501 ordinavit,
676 4412 801 4518 sicque
825 4409 959 4486 divinis
979 4409 1147 4487 munitus
1167 4413 1421 4502 sacramentis,
1448 4439 1545 4488 anno
1561 4408 1740 4486 incarnati

318 4537 431 4614 Verbi
444 4535 647 4616 millesimo
661 4540 864 4617 centesimo
877 4538 1083 4633 tricesimo,
1101 4539 1334 4646 episcopatus
1345 4568 1433 4619 vero
1446 4540 1504 4617 sui
1515 4567 1614 4617 anno
1627 4553 1738 4627 uxr,

320 4669 463 4747 mundo
477 4668 634 4776 quidem
655 4665 768 4761 obiit,
790 4671 856 4746 sed
877 4671 924 4747 ad
938 4670 1062 4748 Deum
1084 4671 1124 4747 in
1144 4669 1266 4747 secula
1286 4671 1529 4749 benedictum
1551 4669 1652 4748 abiit.
