4478 5842
618 800 913 925 INDEX
957 798 1397 922 CAPITUM.

898 1051 1121 1084 ἅθ’-

805 1283 957 1370 PARS
998 1284 1211 1368 PRIMA.

542 1477 735 1549 CAPITA
774 1442 1151 1547 cuxurutxuu
1187 1474 1478 1562 autumus,

865 1680 903 1725 lix
930 1678 1004 1723 (201).
1033 1677 1146 1724 sottou.

302 1887 443 1964 [paginas
462 1883 595 1944 editionis
609 1883 823 1963 adscripsimus.
838 1882 929 1942 Tituli
946 1884 1062 1944 uncinis
1083 1882 1189 1943 inclusi
1205 1906 1237 1944 ex
1258 1886 1320 1945 cod.
1338 1884 1552 1946 Audomerensi
1572 1886 1718 1969 desumpti

959 1997 1035 2045 stant.
1048 1986 1058 2064 ]

357 2188 398 2260 ln
415 2184 569 2261 nomine
584 2199 708 2258 sancte
724 2198 762 2257 et
778 2181 977 2257 individuae
992 2181 1200 2268 Trinitatis,
1212 2184 1398 2289 incipiunt
1413 2185 1574 2288 capitula
1592 2186 1719 2289 primae

302 2315 550 2390 distinctionis
564 2314 649 2389 libri
671 2313 718 2388 de
733 2313 845 2418 gestis
864 2312 1042 2387 ahbatum
1060 2328 1097 2387 et
1116 2310 1316 2419 privilegiis
1329 2311 1539 2417 Sythiensis
1552 2315 1717 2401 cenobii,

302 2460 340 2518 et
356 2443 401 2518 de
416 2443 682 2521 traditionibus
694 2441 973 2547 possessionum
987 2469 1069 2546 quae
1084 2470 1104 2515 a
1121 2440 1315 2532 fidelibus,
1338 2442 1408 2518 sub
1426 2442 1719 2551 uniuscujusque

302 2573 452 2649 illorum
465 2590 652 2677 tempore,
668 2571 757 2648 huic
772 2571 856 2648 loco
871 2600 957 2647 cum
974 2588 1157 2647 cartarum
1172 2570 1412 2676 inscriptione
1431 2588 1519 2648 sunt
1533 2600 1716 2649 concesse.

300 2704 421 2777 Prima
446 2719 572 2779 autem
595 2700 787 2776 distinctio
816 2699 1029 2776 extenditur
1055 2727 1174 2804 usque
1195 2700 1242 2774 ad
1262 2699 1506 2776 undecimum
1526 2701 1716 2791 abbatem,

301 2833 496 2907 continens
516 2857 634 2906 annos
650 2856 730 2906 cxci
744 2835 772 2915 1;
790 2828 965 2905 sciliceta
984 2829 1184 2905 traditione
1199 2828 1378 2905 Adroaldi
1398 2829 1446 2905 de
1461 2830 1547 2906 villu
1562 2831 1717 2937 Syrtin,

300 2987 381 3064 quae
398 2957 491 3034 facta
511 2973 568 3034 est
581 2984 679 3033 anno
696 2984 731 3032 xi
747 2958 844 3062 regis
857 2957 1050 3047 Clodovei,
1072 2956 1140 3032 filii
1154 2958 1373 3066 Dagobcrti‚
1391 2960 1575 3064 usquead
1594 2960 1720 3055 deces-

300 3117 385 3164 sum
408 3087 609 3194 Fridogisi‚
641 3087 803 3178 abbatis,
836 3089 901 3193 qui
936 3089 1058 3165 evenit
1084 3116 1182 3164 auno
1209 3115 1270 3164 xxi
1293 3089 1397 3194 regni
1428 3089 1621 3177 Ludovici‚
1649 3090 1716 3165 filii
1847 3173 1848 3177 Ἰ

300 3219 429 3334 Karoli¹
440 3217 562 3324 Magni
570 3218 594 3292 ².

301 3443 323 3503 l.
348 3442 512 3504 Puosoucs
530 3410 814 3526 Folquiniilevite
839 3451 870 3503 et
895 3439 1044 3503 monachi
1074 3422 1170 3525 hujus
1193 3440 1272 3510 loci,
1299 3439 1332 3500 in
1356 3440 1450 3523 gestis
1468 3441 1622 3503 abbatum

348 3550 455 3614 Sithiu
469 3598 1528 3617 ..............................................
1550 3551 1621 3635 Pag.
1676 3554 1715 3615 15

299 3663 336 3725 11.
360 3664 407 3727 De
421 3684 459 3727 co
478 3662 565 3748 quod
584 3654 762 3727 adroaldus
779 3660 913 3725 tradidit
929 3661 1021 3725 beato
1034 3662 1164 3726 Bertino
1177 3660 1288 3725 villam
1307 3661 1426 3725 dictam
1443 3659 1566 3725 Sithiu.
1583 3713 1589 3726 .
1606 3713 1613 3727 .
1675 3685 1713 3745 ¹7

299 3773 352 3836 lll.
377 3773 547 3859 Exemplar
568 3773 748 3837 traditionis
764 3821 1615 3839 .....................................
1675 3773 1713 3835 18

299 3882 349 3948 lv.
374 3886 422 3948 De
436 3885 689 3949 commutatione
704 3884 855 3948 villarum
871 3882 952 3946 sacta
971 3884 1056 3946 inter
1074 3883 1206 3948 beatum
1225 3882 1394 3947 Bertinum
1415 3894 1449 3946 et
1472 3893 1618 3947 sanctum

345 3995 604 4059 Mummolenum
620 4039 1617 4061 ...........................................
1674 4015 1716 4058 20

299 4106 336 4168 V.
360 4103 530 4190 Exemplar
541 4103 685 4187 ejusdem
692 4151 1168 4170 .....................
1178 4095 1190 4168 ’.
1208 4153 1214 4165 .
1230 4151 1238 4167 .
1254 4151 1261 4167 .
1278 4152 1284 4165 .
1300 4150 1308 4166 .
1325 4153 1331 4165 .
1348 4153 1354 4165 .
1371 4150 1401 4170 ..,
1417 4151 1611 4170 .........
1635 4105 1712 4166 ibid.

299 4215 348 4280 Vl.
373 4216 421 4278 De
434 4213 598 4300 privilegio
615 4213 700 4277 beati
719 4211 894 4277 audomari
916 4212 1069 4301 episcopi,
1086 4213 1174 4301 quod
1193 4212 1348 4277 concessit
1362 4224 1470 4279 sancto
1483 4215 1614 4280 Bertino

346 4326 385 4390 de
404 4324 532 4389 basilica
549 4326 671 4390 Sancte
685 4323 789 4389 Mariae
802 4323 887 4388 etde
901 4323 1083 4413 sepeliendo
1101 4325 1169 4412 ejus
1186 4324 1395 4411 corpusculo.
1413 4374 1420 4390 .
1435 4375 1443 4391 .
1459 4375 1467 4390 .
1484 4351 1490 4390 ;
1506 4375 1608 4392 .....
1666 4346 1705 4390 22

339 4531 345 4560 ¹
368 4531 429 4600 ch.
443 4546 566 4593 cmxxvi,
581 4529 613 4582 ab
625 4548 648 4583 a.
662 4531 715 4587 648
728 4529 762 4584 ad
774 4548 798 4582 a.
809 4531 873 4586 stt.
1040 4527 1131 4583 canolii
1138 4527 1264 4582 &uomit
1273 4526 1419 4603 projectum,
1434 4529 1499 4602 cupit
1510 4527 1610 4582 mitium.
1626 4528 1709 4581 Pam

337 4624 347 4654 ²
368 4624 398 4674 ln
417 4621 474 4675 cod.
488 4621 626 4676 lludomsr.
643 4634 705 4677 onte
721 4621 836 4676 indicem
851 4622 966 4694 cupitum
1040 4619 1156 4694 siquidem
1164 4621 1380 4696 partiuncoutiust
1394 4620 1625 4697 Fotoumimonoolti
1637 4621 1713 4690 scrip·

301 4718 353 4770 hec
370 4714 515 4788 leguntur:
532 4714 690 4768 Directorium
709 4714 828 4769 titulorum
844 4714 967 4769 voluminis
1042 4713 1217 4773 ttsmtsecuudo
1227 4714 1318 4770 albatis
1329 4715 1525 4790 &monispn'mu
1536 4710 1712 4770 omittam

301 4806 370 4880 hujus
387 4809 508 4880 tripartiti,
531 4807 564 4861 od
582 4807 628 4862 Dei
643 4807 752 4862 altissimi
772 4807 855 4867 (leem,
877 4828 967 4863 necnon
1043 4807 1117 4882 iqnoti
1126 4818 1179 4880 post
1191 4810 1259 4862 uum
1272 4808 1389 4862 Simonem
1402 4807 1545 4862 inchoantis.

1479 4923 1504 4961 ι.
