4478 5842
597 460 721 534 PARS
748 463 920 535 PRIMA.
937 505 988 518 —
1005 462 1252 553 FOLQUINI
1278 471 1368 543 ΗΒ.
1397 476 1421 543 Ι.

916 653 1012 727 LIV
1029 670 1061 726 a.

762 819 799 857 DE
816 818 993 859 rntnrrtottn
1014 819 1098 861 vlunt
1117 817 1257 858 cntuottr.

334 1019 336 1023 .
358 960 536 1067 [Karolus
542 960 621 1067 jam
632 979 988 1065 supramemoratus,
1003 959 1220 1038 desiderans
1229 987 1297 1066 per
1308 959 1438 1037 orbem
1450 962 1718 1077 samamaogeri

305 1118 428 1181 suam,
445 1106 487 1166 ut
507 1089 654 1196 liquido
674 1107 777 1196 patet
791 1118 859 1195 per
873 1091 1081 1167 multorum
1101 1089 1338 1166 voluminum
1356 1092 1402 1167 de
1424 1120 1469 1168 eo
1489 1098 1718 1179 mentionem

299 1221 493 1327 agentium
515 1220 734 1310 lectionem,
754 1219 854 1296 inter
868 1239 1004 1308 cetera,
1023 1218 1111 1295 huic
1127 1218 1287 1295 cenobio
1306 1220 1432 1297 villam
1447 1221 1624 1301 Calmont
1638 1228 1720 1305 Deo

298 1368 501 1456 sanctoque
518 1350 674 1429 Bertino
694 1351 866 1442 tradidit,
890 1352 993 1456 cujus
1016 1348 1228 1426 traditionis
1248 1368 1344 1427 carta
1368 1380 1484 1455 penes
1505 1353 1719 1460 episcopum

302 1480 592 1558 Noviomensem
612 1478 800 1584 habetur]

975 1739 1065 1813 LV.

638 1919 675 1957 DE
697 1918 794 1958 monte
817 1919 936 1966 KAROU,
959 1920 994 1959 BT
1015 1921 1203 1961 successmrte
1226 1921 1393 1962 utunowct.

356 2115 445 2192 Post
459 2113 617 2223 insignia
631 2115 745 2221 igitur
760 2114 940 2220 sepedicti
955 2114 1053 2223 regis
1068 2115 1194 2193 Karoli
1208 2116 1461 2222 gloriosorum
1479 2134 1630 2195 actuum
1640 2148 1722 2225 pre-

301 2245 424 2335 conia,
438 2262 597 2352 postque
614 2247 776 2351 devictas
791 2247 998 2323 multarum
1011 2247 1182 2353 gentium
1198 2247 1381 2335 nationes,
1394 2274 1477 2351 quae
1487 2246 1667 2324 hactenus
1683 2251 1722 2324 in

300 2376 504 2452 viventium
530 2394 723 2454 versantur
748 2405 812 2453 ora
836 2376 1186 2486 permanebuntque
1206 2378 1247 2455 in
1265 2376 1405 2467 secula,
1423 2375 1535 2482 primi
1559 2378 1724 2482 parentis

304 2504 477 2583 exolvens
498 2535 654 2613 penam,
686 2536 792 2618 suam
813 2507 983 2585 Creatori
1009 2509 1172 2585 reddens
1199 2506 1380 2597 animam,
1409 2535 1616 2613 corpusque
1645 2522 1722 2582 tam

302 2635 526 2742 gloriosum,
538 2655 636 2714 terra
647 2667 734 2713 mox
745 2636 933 2726 futurum,
946 2653 1086 2712 naturae
1096 2637 1242 2714 solvens
1256 2634 1427 2712 debitum
1437 2698 1445 2725 ,
1457 2652 1565 2712 terrae
1582 2635 1724 2715 dimisit

302 2768 527 2871 tegendum,
557 2794 656 2843 anno
682 2765 880 2843 dominicae
902 2766 1166 2842 incarnationis
1190 2791 1370 2843 ncccxnn.
1399 2764 1580 2872 regnique
1605 2766 1722 2872 ipsius

302 2921 423 2972 xnvm.
445 2894 669 3002 imperiique
692 2896 861 3002 ejusdem
880 2902 960 2975 xv¹.
982 2897 1029 2973 de
1050 2924 1126 3003 quo
1145 2898 1185 2973 in
1202 2896 1300 2973 libro
1318 2896 1503 3002 quodam,
1526 2896 1590 3001 qui
1610 2899 1722 3003 preti·

300 3023 444 3101 tulatur
466 3025 618 3103 Visiones
639 3026 808 3113 Vnettini,
828 3025 961 3134 legisse
976 3054 1037 3101 me
1053 3025 1222 3101 memini.
1240 3025 1357 3118 Quod
1371 3024 1493 3101 isdem
1505 3026 1718 3120 Vuettinus,

304 3154 449 3232 durnin
465 3155 577 3232 extasi
590 3156 638 3232 ab
651 3154 783 3265 angelo
797 3157 1009 3249 duceretur,
1021 3157 1120 3234 inter
1128 3156 1273 3263 reliqua
1287 3185 1370 3263 quae
1386 3156 1456 3233 sihi
1473 3155 1721 3234 ostendeban-

304 3303 377 3375 tur,
393 3285 486 3377 vidit
501 3287 665 3362 eundem
686 3314 813 3393 regem
826 3285 1007 3363 Karolum
1022 3304 1182 3365 stantem
1194 3302 1275 3363 toto
1289 3314 1445 3392 corpore
1462 3314 1596 3363 sanum
1612 3305 1720 3393 atque

301 3415 617 3521 pulcherrimum3
635 3415 759 3494 solum
772 3415 911 3492 animal
923 3415 1117 3523 quoddam
1128 3414 1345 3523 oppositum
1360 3415 1453 3492 vidit
1466 3415 1627 3497 lacerare
1638 3416 1724 3491 viri-

304 3544 354 3620 lia
372 3545 521 3636 stantis3
549 3547 765 3653 dictumque
790 3564 846 3623 est
866 3545 921 3622 illi
942 3546 988 3624 ab
1011 3546 1160 3655 angele,
1183 3543 1287 3652 quod
1308 3545 1386 3620 haec
1408 3544 1496 3621 idco
1515 3561 1719 3649 pateretur,
1816 3536 1818 3541 ’

240 3742 242 3747 .
299 3677 388 3781 quia
413 3675 527 3751 nimis
554 3677 753 3783 impatiens
777 3676 947 3754 libidinis
975 3674 1096 3753 fuerat
1119 3676 1158 3751 in
1183 3673 1327 3765 seculo;
1354 3675 1437 3765 sed,
1464 3703 1532 3780 pro
1559 3673 1721 3751 aliorum

302 3808 383 3911 ejus
399 3834 511 3910 opera
523 3807 725 3898 virtutum,
741 3807 815 3883 cito
837 3806 883 3883 ab
899 3809 972 3884 hoc
985 3824 1082 3884 esset
1097 3806 1312 3911 eripiendus
1332 3802 1513 3911 periculo.
1536 3804 1722 3882 Successit

300 3936 426 4040 itaque
447 3935 503 4010 illi
524 3936 563 4011 in
582 3963 700 4042 regno
714 3936 821 4040 'filius
838 3937 919 4042 ejus
935 3937 1161 4027 Ludovicus,
1182 3934 1387 4013 consimilis
1401 3935 1435 4011 ci
1454 3934 1661 4041 peremnia
1680 3935 1720 4010 in

300 4064 473 4174 gloriosis
484 4064 644 4155 actibus,
658 4064 697 4140 in
709 4065 817 4171 cujus
826 4081 999 4171 tempore
1011 4065 1177 4141 exoritur
1185 4064 1379 4171 quoddam
1395 4063 1528 4141 lumen
1540 4064 1717 4153 ecclesiae,

302 4196 510 4302 Folquinns
539 4195 711 4286 nomine,
739 4195 859 4301 quod,
888 4222 935 4270 ne
956 4192 1026 4273 sub
1049 4192 1179 4271 modio
1203 4192 1387 4271 celaretur
1407 4191 1647 4282 absconsum,
1674 4193 1720 4271 ab
1746 4291 1752 4304 ι

301 4327 382 4432 ipso
408 4354 494 4436 rege
519 4353 633 4433 super
652 4325 815 4403 ecclesiae
844 4325 1051 4433 imponitur
1079 4306 1720 4437 candelabrum,'Taruuancnsique

302 4456 438 4534 civitati
470 4456 666 4564 delegatur
681 4457 743 4567 'ad
778 4455 1056 4564 pontificatum,
1089 4484 1188 4533 anno
1226 4453 1490 4533 incarnationis
1523 4453 1720 4533 dominicae

302 4613 480 4665 ncccxvn.
496 4603 534 4664 et
549 4584 682 4692 prefati
695 4587 794 4699 regis
809 4615 874 4666 1111.
893 4587 950 4665 De
964 4587 1071 4703 cujus
1082 4587 1155 4664 vita
1169 4605 1207 4665 et
1220 4584 1421 4666 virtutibus
1435 4584 1600 4663 multum
1617 4584 1721 4692 quod

215 4767 221 4781 ⁸
347 4771 354 4800 ¹
377 4770 486 4853 Corrig.
503 4794 510 4832 :
527 4774 654 4854 regnique
675 4773 754 4853 ipsius
776 4793 851 4835 xnvr.
869 4774 1025 4855 imperiique
1034 4772 1151 4855 ejusdem
1166 4792 1224 4833 xrv.

1477 4891 1511 4930 ιο
