4478 5842
452 484 574 556 PARS
600 478 1309 555 TERTIA.-CONTINUATORES
1337 480 1556 554 SIMONIS.
1637 482 1706 554 5ll
1803 572 1815 589 ·

299 655 355 703 sas
375 625 539 733 magistri
561 621 762 700 Gisleberti
788 638 825 696 et
848 621 1015 728 magistri
1037 621 1137 695 Petri
1163 618 1370 696 Lumbardi
1397 647 1508 723 super
1537 623 1712 724 epistolas

299 755 421 839 Pauli,
439 753 634 833 historiam
652 751 913 859 euangelicam
932 767 969 826 et
983 750 1228 838 scolasticam,
1247 767 1284 825 et
1298 749 1481 855 quosdam
1500 750 1593 863 alios
1612 780 1711 826 sacre

229 928 233 937 ·
300 887 480 991 scripture
501 883 639 972 libros,
657 882 753 956 sicut
768 881 807 955 in
827 880 989 957 librariis
1003 879 1140 955 nostris
1156 895 1320 982 apparet,
1338 877 1447 954 scribi
1464 877 1560 954 lecit.

355 1015 483 1092 Cartas
500 1014 546 1088 de
564 1009 871 1116 acquisitionibus
892 1010 986 1114 ejus,
1008 1008 1066 1084 vel
1087 1009 1133 1083 de
1154 1007 1364 1084 concordiis
1385 1037 1470 1113 erga
1488 1008 1714 1114 calumpnia-

300 1162 401 1221 tores
425 1121 484 1218 vet
502 1141 737 1217 infestatores
756 1138 962 1241 predictos,
988 1138 1034 1214 ab
1053 1138 1134 1241 ipso
1157 1136 1275 1226 lactis,
1299 1138 1329 1212 si
1349 1138 1434 1242 quis
1456 1166 1566 1214 nosse
1586 1139 1713 1215 volue-

300 1273 367 1358 rit,
391 1271 430 1346 in
453 1269 692 1347 thesaurariis
715 1268 852 1345 nostris
875 1268 1040 1344 invenire
1065 1266 1215 1371 poterit.

952 1560 1066 1632 XIX.

677 1762 715 1800 DE
736 1760 823 1800 outru
849 1761 885 1803 ET
905 1758 1070 1801 sapuerunt
1093 1759 1210 1799 tnssarls
1233 1758 1342 1800 hosam.

356 1941 447 2015 Post
474 1955 530 2014 tot
560 1955 685 2014 autem
712 1935 860 2011 labores
888 1952 924 2010 et
947 1910 1142 2011 continuas
1165 1935 1301 2025 luctas,
1326 1934 1423 2012 lecto
1447 1936 1654 2027 decubans,
1681 1955 1718 2012 et

301 2067 397 2143 sicut
424 2066 538 2142 talem
572 2065 698 2141 decuit
723 2064 861 2149 virum,
898 2061 1177 2168 omnibusque
1214 2063 1484 2140 decedentibus
1514 2069 1716 2142 necessaria

299 2212 389 2270 sunt
412 2196 651 2271 sacramentis
671 2194 744 2269 rite
767 2192 924 2297 peractis
950 2209 988 2268 et
1009 2193 1212 2298 perceptis,
1237 2194 1427 2299 appositus
1448 2209 1503 2268 est
1525 2193 1572 2267 ad
1596 2210 1717 2297 patres

299 2351 406 2412 suos,
424 2325 587 2430 migrans
607 2325 655 2399 de
672 2324 747 2399 hoc
762 2322 891 2399 seculo
906 2323 946 2398 in
965 2340 1156 2399 senectute
1173 2323 1290 2413 bona,
1311 2350 1409 2400 anno
1424 2323 1579 2400 Domini
1593 2323 1714 2398 mille·

300 2453 397 2531 simo
415 2454 621 2530 centesimo
637 2453 910 2561 septuagesimo
930 2470 1049 2543 sexto,
1067 2470 1105 2529 et
1119 2454 1313 2562 regiminis
1328 2454 1386 2530 sui
1402 2471 1533 2558 quarto
1551 2453 1715 2543 decimo,

300 2583 546 2688 sepultusque
569 2600 625 2657 est
646 2582 686 2656 in
705 2581 869 2686 capitulo
884 2583 907 2671 ¹,
930 2582 1027 2656 inter
1049 2610 1197 2658 scamna
1220 2584 1466 2671 novitiorum,
1490 2583 1561 2659 sub
1585 2583 1717 2658 tumba

300 2738 527 2800 mamrorea,
560 2741 649 2816 que·
663 2712 702 2786 in
728 2711 913 2816 principio
942 2713 1134 2817 regiminis
1164 2713 1347 2788 Anthonii
1376 2713 1520 2789 abbatis
1542 2712 1718 2789 translata

300 2838 390 2925 luit,
422 2837 487 2913 ubi
510 2864 612 2913 nunc
641 2837 815 2924 cernitur,
844 2837 983 2915 faciens
1012 2840 1183 2948 gradum.
1208 2841 1303 2917 Ante
1333 2842 1522 2948 pulpitum
1548 2842 1717 2947 ejusdem

301 2967 455 3073 capituli
478 2968 709 3072 epitaphium
731 2968 812 3073 ejus
833 2985 889 3044 est
908 2967 1003 3044 tale:

596 3167 653 3226 llic
668 3166 788 3227 recubat
799 3169 847 3227 cui
863 3167 953 3248 glorio
966 3140 1093 3229 nominis
1108 3181 1152 3230 est
1166 3168 1373 3238 Godescalcus,

594 3266 700 3350 Cujus.
716 3316 723 3329 .
737 3314 764 3329 ..
788 3270 882 3351 aperit
893 3269 970 3329 tituli
983 3268 1063 3353 quod
1078 3269 1171 3331 littera
1184 3271 1301 3332 claudit.

594 3371 726 3432 Mundus
741 3371 804 3433 obit
813 3375 931 3455 juveni,
942 3371 1134 3455 juvenileque
1148 3371 1287 3455 quodque
1303 3374 1433 3433 senescit.

596 3475 676 3543 Mox,
687 3473 757 3535 secli
769 3474 864 3533 studio
880 3487 1059 3541 transcurso,
1073 3471 1193 3532 flamine
1206 3486 1317 3543 sancto,

599 3577 655 3637 llic
676 3575 772 3636 sithiu
788 3587 887 3634 votum
904 3585 982 3635 tenet
996 3586 1025 3634 et
1039 3594 1180 3634 monacus
1194 3574 1241 3641 fin
1257 3586 1286 3633 et
1298 3574 1368 3634 inde

596 3678 703 3757 Migrat
715 3679 747 3735 iu
762 3675 891 3736 officium
907 3678 1008 3757 petris,
1025 3675 1163 3758 huncque
1179 3675 1277 3737 locum
1289 3687 1374 3737 tenet.
1390 3675 1458 3736 Idus

597 3777 705 3850 Quarte
719 3777 903 3858 septembris,
919 3777 1010 3838 tribus
1023 3789 1109 3860 atque
1123 3777 1224 3840 decem
1239 3789 1321 3860 pater
1334 3778 1435 3848 annis,

596 3877 655 3959 Spe
670 3890 767 3939 sancta
786 3879 906 3947 comite,
921 3879 1034 3942 decedit
1048 3881 1129 3960 virgo
1145 3901 1297 3964 senexque.

967 4127 1060 4202 XX.

563 4329 565 4334 ·
696 4307 734 4347 D!
758 4306 917 4349 ascalona
939 4308 1031 4351 DOHNI
1052 4306 1168 4352 8110le
1191 4308 1318 4350 tonans.

360 4489 446 4564 Post
467 4501 630 4563 mortem
646 4485 707 4591 pie
726 4485 909 4562 memorie
929 4486 1148 4565 Godescalci
1172 4486 1331 4579 abbatis,
1355 4516 1441 4565 cum
1456 4508 1609 4569 ventum
1626 4511 1722 4571 esset

305 4616 352 4692 ad
372 4615 613 4705 electionem,
636 4615 914 4694 considerantes
933 4618 1052 4694 nostri
1069 4615 1220 4695 difficile
1238 4618 1278 4695 in
1296 4617 1541 4698 multitudiue
1561 4623 1718 4699 inveniri

346 4779 355 4810 ¹
378 4779 454 4842 Ante
466 4779 626 4861 imaginem
635 4777 787 4850 Cmcifixi;
801 4784 885 4866 cujus
900 4783 998 4845 anime
1008 4784 1171 4868 requieseat
1183 4784 1214 4845 in
1226 4804 1309 4868 pace,
1323 4805 1419 4848 amen.
1432 4786 1467 4847 ln
1479 4809 1564 4870 raam.
1581 4786 1645 4848 Cod.
