4478 5842
302 470 376 543 2ltlt
652 468 1059 546 CHARTULARIUM
1087 457 1364 543 SITHIENSE.

301 610 492 687 dationem
520 611 661 703 veniat;
694 611 875 689 omnibus·
905 641 993 688 vero
1026 609 1307 688 observantibus
1334 608 1438 684 Deus
1470 624 1507 682 et
1532 605 1718 682 Dominus

300 759 427 817 noster
444 743 464 817 J
467 770 550 817 esus
564 740 736 818 Christus
750 743 789 815 in
808 743 881 818 hoc
896 741 1022 818 seculo
1041 770 1172 846 pacem
1186 767 1292 816 suam
1308 737 1464 825 tribuat,
1483 736 1573 812 etin
1591 734 1717 811 futuro

300 889 424 976 portas
447 871 563 976 glorie
584 899 651 946 sue
672 872 822 975 aperiat.

357 1002 519 1078 «Actum
538 1018 594 1077 est
603 1003 819 1091 Taruenne,
833 1002 871 1076 in
887 1017 1011 1078 sancta
1021 1001 1171 1090 sinodo,
1189 1028 1288 1076 anno
1299 998 1485 1075 dominice
1496 995 1718 1072 incarnatio-

301 1133 359 1206 nis
379 1131 580 1206 millesimo
602 1132 843 1238 nonagesimo
865 1132 1042 1237 septimo,
1065 1148 1243 1236 regnante
1268 1158 1355 1236 rege
1375 1128 1566 1233 Philippo,
1593 1153 1718 1203 coram

301 1262 534 1367 ydonearum
554 1289 800 1364 personarum
817 1262 1052 1349 testimonio,
1075 1260 1279 1337 indictione
1299 1276 1430 1365 quarta
1442 1265 1465 1348 ¹,
1487 1284 1546 1337 xv.
1562 1256 1633 1333 kal.
1650 1283 1719 1331 no-

300 1391 474 1467 vembris

467 1555 613 1636 «Signum
627 1555 776 1622 Gnmnm,
797 1556 933 1636 episcopi.
958 1557 1084 1637 Signum
1108 1555 1229 1622 Quint.
1255 1554 1368 1614 decani.
1392 1555 1518 1634 Signum
1539 1550 1673 1612 Annourr
1692 1560 1722 1612 et

509 1657 656 1723 Hunorus.
673 1657 953 1719 archidiaconorum.
969 1657 1094 1739 Signum
1106 1658 1259 1719 Wnurunr.
1278 1656 1405 1737 Signum
1416 1657 1561 1724 Fomurnr
1577 1665 1607 1714 et
1617 1651 1719 1714 Wmo·

509 1779 568 1827 rus,
588 1780 827 1820 canonicorum..

917 2008 1096 2083 XXXII.

300 2209 462 2250 oenconula
480 2208 567 2251 turen
583 2208 717 2249 abactas(
734 2208 911 2248 musanrutt
928 2208 962 2248 ET
978 2207 1152 2248 antumant(
1170 2206 1208 2245 DE
1222 2205 1410 2253 subruamur),
1428 2207 1465 2245 DE
1479 2203 1601 2256 Quonam
1618 2204 1719 2246 mono.

360 2390 464 2463 «Hac
491 2387 688 2464 conventio
709 2387 802 2464 facta
822 2405 877 2464 est
901 2388 1000 2462 inter
1021 2387 1204 2461 domnum
1227 2384 1399 2460 abbatem
1420 2384 1662 2460 Lambertum
1684 2402 1721 2461 et

302 2517 528 2594 Balduinum
550 2516 597 2593 de
621 2517 849 2622 Salpervinc‚
878 2518 924 2594 de
950 2516 1071 2592 tribus
1091 2514 1258 2591 librabus
1278 2512 1534 2605 denariorum,
1557 2544 1647 2620 quas
1672 2514 1719 2591 ab

301 2648 433 2723 abbate
451 2648 621 2724 lohanne
643 2676 680 2723 se
708 2622 800 2723 diiit
824 2648 979 2736 babere,
1004 2676 1047 2722 ex
1067 2662 1170 2751 parte
1191 2645 1316 2721 uxoris
1335 2673 1417 2731 sue,
1444 2673 1517 2751 que
1541 2642 1619 2720 filia
1641 2662 1722 2722 erat

301 2778 494 2881 cujusdam
511 2777 651 2852 Almari
673 2780 849 2882 Specars‚
876 2779 1050 2855 fratribus
1067 2794 1193 2853 tamen
1215 2805 1326 2880 super
1341 2777 1414 2852 boc
1434 2774 1721 2852 reclamantibus

299 2933 457 3007 semper,
480 2904 565 3006 quia
591 2905 744 2980 eosdem
767 2908 940 2982 denarios
967 2909 1013 2982 dc
1034 2909 1136 2982 bono
1164 2906 1353 2982 cellararia
1378 2906 1544 3011 accipere
1566 2933 1721 2982 consue·

298 3048 409 3108 verat.
433 3034 585 3107 Mortuo
602 3060 763 3136 namque
786 3035 918 3110 abbate
938 3037 1126 3124 Jobanne,
1150 3038 1241 3111 dum
1260 3037 1492 3141 supradictus
1514 3036 1721 3113 Balduinus

299 3161 451 3236 l'eodum
468 3158 567 3234 illud
588 3159 634 3234 ab
650 3160 784 3237 abbate
800 3163 1002 3239 Lamberto
1026 3180 1230 3267 repeteret,
1253 3166 1471 3241 restiterunt
1494 3166 1640 3256 fratres,
1664 3166 1721 3242 di-

177 3298 181 3305 “
300 3309 425 3369 centes
455 3289 636 3395 injustum
672 3320 750 3369 esse
778 3311 821 3369 ut
850 3295 897 3370 de
924 3323 1055 3371 mensa
1082 3324 1213 3371 eorum
1238 3296 1346 3370 alicui
1375 3295 1529 3370 feodum
1556 3295 1718 3387 daretur,

298 3422 457 3498 maxime
473 3423 561 3528 quia
577 3423 649 3499 hoc
665 3423 804 3530 absque
826 3426 1003 3503 advocato
1022 3444 1060 3502 et
1080 3425 1220 3531 absque
1241 3454 1391 3501 assensu
1407 3424 1559 3529 capituli
1581 3423 1719 3500 lactum

298 3555 429 3630 luerat.
453 3553 561 3629 Unde
576 3552 715 3630 lactum
733 3572 856 3647 estut,
880 3557 970 3632 dum
989 3555 1137 3632 nullum
1155 3554 1355 3661 placitandi
1371 3554 1509 3631 exitum
1527 3554 1631 3630 idem
1643 3553 1723 3630 Bal·

300 3684 437 3759 duinus
451 3681 623 3775 baberet,
643 3684 731 3792 quia
745 3685 824 3792 jam
844 3687 882 3760 in
904 3688 1004 3762 curia
1025 3685 1173 3762 comitis
1190 3685 1344 3762 Roberti
1364 3684 1466 3760 idem
1487 3682 1641 3759 feodum
1655 3683 1719 3761 ab·

294 3813 505 3919 judicatum
517 3812 652 3901 luerat,
668 3842 737 3918 pro
754 3814 935 3918 sopienda
951 3816 1123 3892 omniurn
1138 3815 1387 3893 controversia
1404 3814 1583 3919 omnique
1597 3813 1720 3919 queri·

299 3942 445 4032 monia,
468 3942 627 4046 acceptis
647 3943 692 4018 ab
708 3943 842 4019 abbate
859 3945 1025 4052 quinque
1044 3945 1178 4022 marcis
1198 3945 1363 4052 argenti,
1386 3943 1489 4020 idem
1513 3944 1720 4023 balduinus

301 4071 476 4178 quitquid
488 4071 662 4147 clamoris
678 4089 716 4149 et
724 4071 874 4178 justicie
890 4075 929 4149 in
949 4076 1163 4179 supradicto
1184 4075 1298 4153 leodo
1309 4074 1507 4151 videbatur
1522 4074 1678 4166 babere,
1699 4104 1721 4152 a

301 4202 535 4277 sealienaret
556 4219 594 4277 et
613 4202 862 4294 forisfaceret3
884 4206 1010 4311 sicque
1033 4207 1073 4281 in
1094 4207 1369 4311 presentiarum
1387 4205 1641 4311 abjudicatum
1666 4222 1722 4282 est

300 4330 346 4406 ab
367 4330 586 4407 bominibus
611 4331 755 4411 abbatis
775 4334 894 4411 nichil
910 4336 1074 4411 eundem
1093 4335 1321 4412 balduinum
1341 4335 1400 4412 vel
1426 4336 1634 4441 quemlibet
1653 4335 1721 4413 he·

300 4460 434 4536 redum
447 4487 601 4534 suorum
616 4461 713 4566 juris
728 4464 768 4538 in
788 4464 923 4541 eodem
943 4464 1056 4543 feodo
1077 4463 1227 4541 babere.

358 4588 518 4666 tActum
539 4616 638 4665 anno
660 4592 814 4670 Domini
834 4593 1039 4673 millesimo
1060 4595 1302 4701 nonagesimo
1322 4609 1436 4670 sexto.
1453 4632 1465 4661 ιι
1530 4691 1539 4706 ἱ

344 4773 351 4801 ¹
378 4771 494 4834 Rectius
517 4773 622 4852 quintu.
