4478 5842
520 482 589 551 168
863 473 1272 549 CHARTULARIUM
1305 470 1588 544 SITHIENSE.

514 637 557 696 ut
572 619 651 695 haec
669 616 915 723 perficiantur
929 616 999 705 ita,
1016 616 1168 722 propria
1191 643 1308 692 manu
1325 613 1474 719 scripsi,
1491 612 1668 700 infirmus
1689 614 1808 719 eapite
1828 612 1938 692 valde

455 846 460 856 Ι
515 767 553 826 et
567 745 702 838 oculis,
725 764 762 825 et
777 746 1022 851 subscripsit

1144 963 1290 1038 XCII.

648 1167 685 1206 DE
707 1164 801 1205 snum
824 1163 1052 1212 HUMMRTUSOE,
1076 1165 1105 1204 IN
1129 1162 1202 1204 meo
1223 1163 1410 1212 namneum,
1433 1163 1542 1205 SANCTO
1565 1128 1688 1205 BW'INO
1713 1164 1798 1207 nem.

572 1345 739 1421 «Notum
761 1341 810 1418 sit
828 1341 1006 1419 omnibus
1021 1339 1218 1430 fidelihus,
1237 1340 1360 1447 quod,
1377 1340 1617 1447 temporibus
1635 1342 1806 1450 Hugonis
1820 1342 1937 1451 regis,

513 1473 629 1579 patris
647 1471 829 1551 Rodberti
850 1471 968 1578 regis,
991 1488 1029 1548 et
1043 1469 1280 1575 temporibus
1295 1469 1440 1548 abbatis
1457 1468 1626 1550 Vualteri
1647 1468 1810 1549 &nnobii
1825 1474 1940 1551 sancti

514 1603 676 1693 Bertini,
707 1600 842 1678 habuit
868 1619 1018 1678 sanctus
1044 1601 1219 1678 Bertinus
1246 1600 1435 1708 quandam
1466 1620 1606 1679 terram
1632 1602 1792 1710 inpage
1820 1601 1941 1680 Belva·

516 1733 637 1821 censi,
671 1732 809 1808 dictam
838 1731 1148 1824 Humbertutsin,
1175 1759 1290 1837 super
1312 1729 1510 1809 fluviolum
1535 1733 1653 1823 Tera3
1679 1759 1794 1839 super
1825 1761 1938 1839 quam

513 1862 734 1970 praepositus
749 1877 827 1937 erat
839 1862 995 1968 quidam
1008 1861 1218 1939 monachus
1233 1860 1342 1950 Milo,
1358 1861 1515 1939 nomine
1530 1862 1703 1969 quidem,
1719 1861 1836 1938 saneti
1847 1862 1939 1939 Ber·
1966 1846 1969 1853 ¹

514 1995 601 2087 tini,
620 1992 907 2070 archidiaconus
928 1989 1090 2069 ecclesiae
1106 1992 1374 2080 Tamanensis,
1390 1991 1468 2098 qui,
1486 1991 1651 2070 saeculari
1666 2019 1814 2099 pompae
1826 1991 1939 2069 nimis

515 2125 738 2212 inserviens,
757 2138 794 2198 et
811 2138 967 2228 propter
986 2122 1060 2198 hoe
1082 2122 1207 2199 eidem
1229 2122 1301 2200 Dei
1322 2121 1545 2199 fidelitatem
1566 2122 1775 2233 negligens,
1792 2140 1940 2229 accepte

514 2257 690 2362 pecunia,
707 2251 895 2330 Rainardo
912 2253 959 2329 de
975 2250 1132 2329 Baledin
1146 2253 1266 2358 ipsam
1279 2268 1419 2331 terram
1437 2251 1565 2345 dedit,
1587 2282 1631 2329 ea
1649 2252 1792 2330 scilicet
1810 2253 1941 2330 condi-

487 2428 491 2439 .
514 2386 638 2476 tione,
661 2403 704 2463 ut
722 2382 826 2462 omni
846 2411 965 2475 ann0,
986 2411 1055 2490 pro
1072 2410 1188 2461 censu
1208 2408 1250 2460 cc
1270 2381 1414 2463 solidos
1429 2381 1662 2461 Belvacensis
1675 2399 1836 2460 monetae
1855 2410 1941 2491 per-

515 2517 692 2609 solveret,
709 2514 836 2623 quoad
856 2514 1004 2592 viveret.
1026 2514 1108 2592 Hoc
1122 2493 1249 2591 autem
1270 2511 1443 2589 debitum
1459 2514 1586 2620 quoad
1603 2513 1708 2605 vixit,
1733 2541 1803 2620 per
1818 2541 1940 2620 quen·

517 2646 604 2724 dam
618 2647 847 2737 Johannem,
862 2645 1034 2752 ejusdem
1049 2662 1156 2722 terrae
1171 2662 1307 2724 nostrae
1321 2641 1630 2737 inhabitatorem,
1648 2671 1685 2721 ιι
1697 2642 1937 2751 septembris,
2000 2728 2004 2737 ,

516 2778 557 2853 in
571 2776 767 2854 festivitate
793 2777 909 2852 saneti
931 2776 1095 2864 Remini,
1116 2775 1361 2854 mansmisit.»

1036 3088 1141 3146 Cetera
1159 3088 1255 3148 desunt
1272 3091 1299 3148 in
1323 3089 1427 3152 coctos.
