4478 5842
478 113 552 184 aas
828 111 1232 189 cuaarusaaruu
1259 112 1542 185 sirfflsuss.
1646 172 1649 179 .

475 250 646 333 rentibus
665 269 703 328 et
722 252 1023 341 occurrentibus,
1048 250 1242 329 ecclesiam
1265 251 1337 328 sibi
1360 250 1598 345 commissam
1616 249 1896 357 propemodum

475 380 720 490 insigniorem
740 380 882 459 cunctis
901 380 1022 459 Gallie
1044 381 1212 458 cenobiis
1228 381 1283 497 in
1283 382 1511 457 exteriorum
1530 410 1658 459 rerum
1675 379 1898 459 habundan-

474 513 541 600 tia,
576 512 617 587 in
630 511 864 589 edifitiorum
881 512 929 587 ad
942 540 1053 588 usum
1076 512 1269 616 hospitum
1284 512 1440 587 divitum
1462 528 1500 588 et
1512 540 1718 619 pauperum
1735 509 1895 614 eleganti

474 643 784 730 honorificentia,
808 643 847 719 in
864 642 1045 746 propositi
1067 643 1248 751 regularis
1263 641 1407 720 fervore
1429 644 1605 722 redderet
1620 661 1658 720 et
1676 640 1892 720 reverentia.

474 772 536 850 Sic
552 771 728 848 Flandria
748 771 867 850 Gallis
883 770 1025 848 rivulos
1043 774 1252 878 propinavit
1268 772 1472 880 religionis.

1120 1047 1251 1121 XCII.

798 1232 835 1269 DE
858 1230 944 1270 onl'rt·
971 1228 1075 1269 notum
1100 1230 1241 1271 BALDUllll
1265 1231 1426 1283 HAPICULE‚
1449 1233 1573 1275 eout'rts.

532 1411 617 1502 Quo
632 1427 803 1511 tempore
817 1406 1024 1483 Balduinus
1034 1435 1176 1498 comes,
1191 1437 1278 1485 cum
1289 1408 1499 1501 willelmo,
1513 1410 1592 1485 filio
1601 1409 1767 1497 Roherti,
1780 1437 1895 1515 quern

474 1541 674 1629 Henrieus,
687 1565 750 1613 rex
760 1537 911 1644 buglis,
930 1553 1078 1643 captum
1093 1536 1247 1613 tenebat
1263 1539 1302 1613 in
1315 1540 1560 1628 Normannia,
1573 1522 1701 1616 contra
1716 1537 1894 1615 eumdem

474 1700 601 1777 regem
623 1698 709 1746 cum
733 1668 898 1744 exercitu
919 1666 1126 1771 profectus,
1149 1695 1169 1742 a
1190 1667 1354 1773 quodam
1380 1668 1552 1746 Brittone
1576 1668 1647 1745 levi
1667 1668 1746 1744 ictu
1763 1668 1895 1745 vulne-

474 1819 589 1881 ratur.
607 1801 701 1894 Qui,
724 1799 873 1875 diutino
888 1797 1041 1904 langore
1058 1816 1269 1902 correptus,
1287 1827 1468 1876 monacus
1483 1801 1598 1878 sancti
1616 1800 1757 1877 Bertini
1778 1801 1818 1875 in
1834 1779 1895 1876 ei-

473 1934 605 2011 tremis
623 1931 794 2021 officitur,
816 1947 869 2019 et,
892 1957 991 2005 anno
1013 1930 1200 2006 dominice
1218 1929 1484 2007 incarnationis
1503 1957 1629 2021 ucx1x,
1651 1931 1732 2006 sine
1753 1929 1893 2006 herede
1945 1937 1952 1959 “

474 2065 645 2151 moritur,
668 2079 706 2137 et
724 2063 762 2137 in
786 2060 912 2147 Sithiu
928 2060 1107 2150 cenobio,
1125 2076 1267 2136 astante
1283 2059 1437 2151 Carolo,
1458 2061 1540 2167 ejus
1556 2087 1785 2148 successore,
1806 2089 1892 2137 cum

474 2197 646 2277 universa
665 2219 864 2298 procerum
893 2189 1138 2266 multitudine
1164 2206 1203 2266 et
1226 2190 1346 2267 electo
1366 2190 1612 2267 Flandrarum
1631 2191 1740 2282 flore,
1766 2204 1895 2268 tumu-

472 2327 586 2414 latur,
610 2324 694 2400 data
721 2351 789 2428 pro
816 2324 897 2429 ejus
926 2322 1050 2396 anima
1073 2319 1317 2427 quadraginta
1338 2320 1520 2398 librarum
1538 2319 1749 2427 berquaria.
1775 2321 1895 2429 Cujus

472 2452 829 2541 fraterWillelmus,
843 2452 974 2558 junior
988 2468 1095 2540 natu,
1109 2467 1194 2526 ante
1208 2466 1351 2556 patrem
1366 2469 1553 2540 mortuns,
1567 2451 1692 2527 Sithiu
1702 2449 1893 2557 sepelitur,

473 2616 493 2661 a
512 2603 616 2690 patre
635 2585 718 2658 data
737 2600 839 2686 parte
857 2582 1052 2688 cujusdam
1072 2580 1271 2686 berquarie
1290 2581 1338 2657 ad
1354 2581 1645 2658 anniversarium
1664 2580 1892 2659 faciendum.

472 2712 629 2795 Carolus
648 2738 747 2800 vero,
765 2711 852 2815 jure
869 2709 1175 2813 propinquitatis,
1197 2711 1389 2802 successit3
1412 2729 1490 2787 erat
1507 2711 1608 2787 enim
1623 2711 1724 2788 filius
1738 2712 1890 2802 Canuti,

471 2845 570 2953 regis
584 2840 713 2931 Dacie,
733 2867 776 2915 ex
790 2837 868 2915 lilia
883 2838 1135 2944 primogenita
1152 2837 1305 2915 Roberti
1322 2841 1487 2918 Frisonis
1502 2857 1540 2916 et
1558 2840 1765 2920 Gertrudis.

1105 3114 1261 3191 XCIII.

625 3320 662 3360 DF.
684 3318 867 3360 clarusmons
891 3317 1052 3366 neumatis,
1077 3316 1196 3360 ABBA'l‘lS
1217 3315 1389 3366 BERGBNSIS,
1413 3317 1447 3358 ΕΤ
1469 3318 1536 3362 121th
1555 3318 1738 3364 SUCGESSORE.

527 3496 615 3590 Quo
639 3496 872 3601 principante
882 3502 898 3583 ,'
915 3473 1001 3599 erga
1026 3492 1248 3603 religionem
1271 3493 1405 3571 exarsit
1423 3490 1566 3573 diaboli
1586 3496 1742 3583 invidia,
1764 3513 1803 3574 et
1825 3524 1893 3602 per

471 3626 657 3735 quosdam
677 3627 860 3704 virtutum
880 3624 1117 3702 simulatores
1136 3625 1330 3703 veritatem
1356 3625 1570 3704 subvertere
1594 3628 1768 3714 studens,
1791 3626 1893 3707 inter

469 3757 675 3866 Bergenses
689 3755 754 3833 tali
768 3756 901 3834 ordine
913 3754 1056 3832 semina
1068 3754 1243 3833 submisit
1258 3755 1457 3833 discordie.
1472 3755 1597 3835 Abbas
1610 3757 1711 3834 enim
1720 3759 1890 3844 Hermes,

383 3936 387 3941 -
471 3886 565 3965 dum
591 3914 716 3965 coram
738 3885 905 3963 fraterno
929 3883 1055 3961 colore
1084 3884 1326 3990 fucatis‘sepe
1353 3901 1606 3991 conqueretur
1629 3885 1677 3964 de
1699 3887 1893 3996 regiminis

470 4018 727 4123 aggravatione
743 4016 875 4104 nimia,
893 4043 1008 4121 seque
1022 4043 1120 4092 onus
1134 4013 1228 4092 velle
1245 4014 1436 4119 deponere
1450 4013 1642 4109 fateretur,
1658 4017 1729 4097 nisi
1739 4017 1894 4099 timeret

471 4145 519 4222 de
538 4144 774 4252 depositione
793 4163 922 4250 postea
940 4144 1077 4225 frustra
1097 4145 1284 4251 penitere,
1306 4144 1363 4223 illi
1382 4147 1542 4227 toxicato
1561 4146 1719 4227 consilio
1740 4175 1894 4256 sugges·

469 4290 617 4363 serunt,
633 4292 677 4353 ut
694 4275 901 4353 terminum
923 4304 1131 4381 paucorum
1152 4276 1302 4353 dierum
1324 4276 1541 4386 prefigeret,
1569 4276 1665 4355 inira
1686 4305 1804 4385 qoem
1825 4276 1893 4357 de·

468 4405 697 4513 positionem
706 4403 853 4484 abbatie
866 4424 1097 4484 sacramento
1112 4432 1225 4512 super
1235 4405 1482 4514 ewangelium
1493 4407 1750 4499 confirmaret,
1764 4435 1813 4487 ne
1822 4435 1888 4513 spe
