4478 5842
558 513 688 586 PARS
722 512 1036 585 SECUNDA.-
1053 510 1267 582 SIMONlS
1293 509 1383 580 lllB.
1412 509 1458 578 ll.
1646 509 1720 578 255

302 656 400 730 sium
422 654 550 730 comiti
577 671 688 759 atque
717 653 903 729 comitisse
925 651 1133 741 mandavit,
1157 650 1334 755 quatinus
1355 676 1442 723 eum
1464 647 1511 721 ad
1531 645 1722 722 ecclesiam

302 783 416 860 sancti
437 783 598 874 Bertini,
621 801 664 859 ut
689 785 734 859 ad
762 811 868 858 suam
894 782 1105 887 propriam,
1129 780 1392 855 conducerent.
1416 775 1523 850 Unde
1545 801 1669 849 comes
1690 791 1726 849 et

303 913 488 990 comitissa
505 930 542 989 et
555 913 742 1019 principes
757 930 874 1002 terre,
893 912 959 1017 qui
976 911 1078 987 curie
1093 909 1313 998 intererant,
1331 906 1436 984 valde
1458 905 1620 996 turbati,
1638 905 1724 1010 quia

303 1061 455 1147 propter
481 1042 680 1148 specialem
709 1040 882 1117 ordinem
906 1040 1060 1117 ecclesie
1089 1039 1204 1116 sancti
1225 1037 1366 1113 Bertini
1389 1035 1584 1122 collatum,
1614 1032 1727 1109 abbas

256 1245 261 1253 .
302 1172 562 1251 Cluniacensis
580 1172 695 1247 vellet
718 1171 972 1277 possessiones
999 1169 1153 1245 ecclesie
1179 1167 1402 1244 omnimodo
1428 1164 1497 1239 sibi
1518 1164 1723 1252 vindicare,

302 1319 340 1377 et
371 1330 484 1406 quam
506 1300 663 1376 liberam
686 1300 911 1390 credebant,
936 1316 980 1374 ut
1003 1299 1131 1375 liberis
1152 1297 1295 1403 prediis
1316 1295 1510 1372 fundatam
1533 1314 1570 1371 et
1590 1294 1726 1372 libera-

302 1429 390 1506 liter
412 1420 673 1520 constitutam,
698 1429 812 1504 vellet
833 1427 1012 1504 ancillare
1034 1427 1158 1503 abbati
1186 1425 1443 1516 Cluniacensi,
1467 1424 1532 1500 tali
1555 1454 1727 1502 commo-

271 1660 274 1665 ι
300 1561 406 1636 tione
428 1589 594 1638 accessus
620 1559 791 1636 turbatus
815 1575 882 1634 est.
909 1557 1060 1633 Scilicet
1081 1557 1229 1633 monaci
1251 1555 1426 1631 dolentes
1450 1582 1489 1631 se
1514 1556 1600 1660 plus
1627 1585 1726 1661 equo
1791 1661 1794 1670 Ι

300 1690 460 1796 gravari,
482 1687 679 1793 prelerunt
702 1688 828 1794 miehy
849 1688 1016 1792 quedam
1043 1685 1236 1793 privilegia
1257 1686 1344 1761 satis
1366 1685 1519 1791 antiqua
1542 1703 1580 1762 et
1598 1703 1727 1761 auten-

300 1817 387 1908 tica,
407 1846 476 1894 nec
493 1846 676 1925 umquam
693 1817 856 1923 amplius
873 1846 893 1892 a
909 1846 970 1892 me
985 1817 1060 1894 visa
1074 1818 1135 1894 vel
1151 1818 1316 1925 cognita,
1327 1816 1488 1894 Victoris
1503 1842 1597 1921 pape
1615 1833 1725 1921 atque

303 1946 442 2023 Urbani
459 1977 569 2055 pape,
585 1976 659 2053 que
675 1946 961 2051 quodammodo
972 1946 1149 2022 videntur
1158 1946 1342 2022 adversari
1354 1947 1566 2050 supradicte
1576 1946 1727 2022 institub

301 2077 410 2154 tioni.
424 2076 664 2181 Quapropter
676 2093 836 2151 vestram
852 2074 1100 2181 imploramus
1117 2075 1430 2162 misericordiam,
1447 2078 1624 2180 quatinus
1639 2077 1728 2153 dili-

300 2207 426 2314 gentia
446 2223 566 2283 vestre
584 2206 820 2282 discretionis
835 2206 1017 2282 hectanta
1034 2204 1226 2281 intueatur
1238 2199 1450 2311 privilegia,
1468 2222 1506 2281 et
1524 2233 1572 2280 ne
1594 2216 1725 2281 novam

301 2337 482 2412 servando
508 2336 807 2424 institutionem,
839 2335 1035 2411 anathema
1061 2333 1221 2412 Victoris
1245 2352 1357 2440 atque
1385 2335 1525 2411 Urbani
1550 2361 1643 2441 pape
1670 2335 1727 2410 in—

303 2493 512 2556 curramus,
533 2483 653 2541 vestra
668 2465 862 2570 provideat
880 2463 1074 2570 pastoralis
1091 2493 1189 2539 cura.
1206 2501 1218 2531 ι

877 2745 882 2754 ’
948 2737 1078 2810 XLII.

522 2936 676 2978 aasentias
699 2937 771 2976 PAPE
795 2935 951 2977 asseuusto
974 2938 1012 2978 ΔΙ)
1034 2937 1173 2978 ΜΠΕΒΑὸ
1196 2938 1324 2980 srtscort
1347 2938 1507 2980 ΠΕΜΟΒΔΤΙ.

359 3130 585 3222 «Paschalis,
609 3131 820 3237 episcopus,
843 3160 970 3210 servus
995 3160 1187 3210 servorum
1206 3134 1295 3222 Dei,
1316 3134 1521 3211 venerabili
1543 3139 1723 3232 Johanni‚

302 3262 539 3338 Morinorum
558 3260 757 3366 episcopo,
775 3262 935 3339 salutem
963 3280 1001 3339 et
1024 3264 1268 3368 apostolicam
1290 3264 1610 3344 benedictionem.
1633 3271 1727 3346 Tam

1764 3169 1796 3202 ιο
1808 3169 1862 3224 apr.
1876 3149 1942 3202 circa

1791 3245 1814 3278 ιι.
1830 3246 1838 3278 ι
1848 3247 1856 3277 ι
1867 3227 1908 3277 ι5.

301 3419 345 3465 ex
374 3391 614 3467 lratemitatis
641 3408 760 3468 vestre
795 3392 947 3483 litteris,
980 3422 1094 3499 quam
1129 3423 1172 3470 ex
1205 3393 1515 3499 predecessorum
1551 3426 1725 3474 meorum
1771 3460 1784 3475 ..

257 3601 261 3605 ,
296 3536 424 3596 sancte
442 3520 625 3596 memorie
636 3520 797 3599 Victoris
810 3540 848 3599 et
861 3522 1000 3598 Urbani
1016 3523 1237 3630 privilegiis,
1261 3525 1502 3629 cognovimus
1517 3544 1628 3633 atque
1645 3557 1727 3634 per-

301 3650 489 3754 speximus
506 3650 606 3724 beati
621 3650 763 3728 Bertini
780 3654 1068 3744 monasterium,
1087 3682 1207 3759 usque
1224 3654 1271 3730 ad
1286 3655 1537 3760 promotionis
1550 3673 1614 3734 tue
1629 3675 1726 3734 tem-

299 3807 408 3883 pora,
432 3780 472 3853 in
487 3807 554 3854 sue
570 3778 754 3865 libertatis
770 3783 881 3887 genio
903 3785 1081 3860 continue
1100 3786 1365 3890 permansisse,
1392 3784 1491 3865 salvo
1507 3788 1593 3896 jure
1610 3790 1727 3866 solius

301 3908 550 3985 Taruanensis
565 3909 731 3986 ecclesie.
743 3911 850 3986 Unde
868 3930 944 3988 tam
956 3912 1067 3989 nobis
1081 3944 1194 4020 quam
1206 3914 1383 3995 fratribus
1394 3919 1548 4010 nostris,
1563 3898 1725 3996 dictdnte
1757 3993 1763 4001 .

297 4035 465 4142 justicia,
483 4037 604 4113 visum
625 4055 698 4128 est,
721 4055 780 4129 ut,
804 4039 834 4116 si
856 4034 948 4147 quid
970 4071 990 4117 a
1009 4058 1047 4118 te
1064 4040 1121 4119 vel
1143 4072 1163 4118 a
1183 4046 1212 4121 F
1216 4045 1407 4123 lundrensi
1426 4049 1580 4139 comite,
1599 4078 1664 4127 seu
1681 4050 1726 4126 ab

304 4165 481 4272 ejusdem
492 4166 564 4242 loci
579 4167 732 4258 abbate,
749 4168 878 4247 minus
890 4171 1046 4279 provide
1070 4170 1272 4280 minusque
1288 4176 1561 4255 rationabiliter
1578 4176 1724 4326 gestum
1771 4266 1774 4271 ¹

303 4310 376 4386 est,
381 4293 545 4373 nullum
564 4315 716 4409 propter
726 4299 799 4378 hoc
816 4301 1087 4380 detrimentum
1105 4302 1336 4403 monasterio
1353 4305 1554 4443 ingeratur.
1567 4304 1704 4386 Nos*
1657 4339 1726 4418 igr-

300 4439 365 4499 tur
375 4424 541 4531 locum
531 4456 673 4533 ¹ipsum,
695 4430 877 4536 quamdiu
897 4414 1103 4510 molrastice'
1118 4432 1358 4577 religionis
1325 4462 1448 4575 rupere
1456 4432 1682 4555 claruerit,
1688 4458 1725 4519 et

302 4522 475 4630 abbatem
491 4553 590 4632 loci
580 4586 620 4633 ιιι
640 4585 706 4634 sua
725 4557 898 4638 libertate
920 4577 957 4637 et
979 4558 1231 4641 immunitate
1233 4592 1455 4727 permanere
1465 4560 1721 4693 'decerlriittus

361 4668 531 4839 ίΒιιιιιιιι
542 4686 735 4780 Laterani,
746 4688 1033 4849 decimotertio
1050 4690 1125 4847 kal·
1132 4691 1373 4803 aprrhs
1563 4698 1566 4709 '
