4478 5842
428 524 558 599 PARS
584 524 789 598 TERTIA.
807 567 858 581 -
876 523 1309 599 CONTINUATORES
1336 523 1560 600 slMON1s.
1642 531 1714 601 555

300 667 440 773 accepit
453 665 690 774 privilegium
714 664 899 742 libertatis
923 664 1096 742 omniurn
1111 663 1301 742 bonorum
1324 663 1479 741 ecclesie
1495 693 1562 742 sue
1578 683 1616 750 et
1629 695 1717 745 con-

300 797 521 876 firmationis
535 796 720 876 sententie
737 796 811 874 late
831 789 960 875 contra
975 796 1257 889 Cluniacenses;
1275 798 1382 903 quod
1395 798 1446 874 sic
1464 797 1605 903 incipit.

929 1073 1092 1115 nxnuenalt.

356 1243 603 1334 uAlexander,
621 1244 836 1348 episcopus,
854 1270 979 1319 servus
994 1270 1186 1320 servorum
1203 1240 1290 1331 Dei,
1309 1243 1447 1321 dilecto
1463 1243 1544 1321 filio
1560 1241 1721 1320 Gothes-
1743 1256 1775 1306 ²6
1791 1252 1853 1305 mai·
1872 1250 1949 1306 Η63·
2008 1294 2011 1299 >

299 1372 415 1463 calco,
433 1372 558 1450 abbati
573 1373 689 1449 sancti
704 1372 864 1464 Bertini,
887 1371 1043 1480 ejusque
1060 1371 1335 1450 successoribus
1352 1372 1573 1483 regulariter
1584 1371 1720 1450 substi-

297 1502 450 1579 tuendis
463 1503 752 1609 inperpetuum.
766 1503 921 1579 Justicie
937 1519 975 1579 et
987 1502 1142 1579 rationis
1152 1501 1247 1578 ordo
1260 1504 1402 1597 suadet,
1416 1521 1503 1595 etc,
1519 1540 1531 1572 ι
1546 1519 1589 1580 ut
1600 1502 1639 1578 in
1650 1503 1720 1608 pri-

296 1631 433 1739 vilegio
453 1632 661 1709 Innocentii
691 1660 786 1738 pape
815 1632 1080 1739 suprascripto,
1110 1629 1141 1707 Γ0
1166 1632 1244 1717 alto
1265 1647 1301 1709 νο
1326 1650 1363 1710 et
1385 1633 1498 1739 seq.¹.
1523 1632 1718 1740 Signatum

298 1792 384 1839 cum
410 1762 567 1853 circulo,
591 1760 630 1837 in
657 1761 766 1869 cujus
787 1762 945 1839 circuitu
970 1761 1159 1851 scribitur,
1188 1762 1300 1840 «Vias
1324 1779 1425 1850 tuas,
1447 1763 1628 1853 Domine,
1655 1763 1721 1839 de-

298 1909 467 1971 monstra
486 1892 620 1978 michi,
636 1928 648 1959 u
667 1892 757 1968 etin
777 1890 906 1968 medio
929 1891 1018 1968 dicti
1034 1889 1183 1982 circuli,
1204 1892 1388 1970 «Sanctus
1404 1894 1546 1971 Petrus.
1563 1892 1720 1970 Sanctus

299 2021 448 2098 Paulus.
474 2020 686 2097 Alexander
704 2048 798 2128 papa
813 2047 884 2106 111.‚
900 2057 912 2088 a
929 2048 1014 2096 cun]
1038 2019 1313 2126 subscriptione
1332 2051 1405 2128 que
1423 2023 1620 2129 sequitur:

256 2150 261 2157 ¹
355 2169 460 2275 «Ego
477 2167 712 2254 marturan,
736 2169 918 2246 catholice
940 2167 1320 2275 ecclesie-episcopus.

355 2336 368 2366 a
382 2300 461 2407 Ego
477 2299 690 2386 Hunannus,
713 2299 922 2376 Hostiensis
943 2299 1154 2406 episcopus,
1169 2317 1237 2377 etc.

353 2464 518 2541 «Datum
533 2440 713 2554 Turobis,
734 2493 801 2570 per
821 2493 977 2541 manum
999 2465 1222 2554 Hermanni,
1239 2481 1363 2541 sancte
1383 2465 1549 2541 Romane
1565 2464 1717 2542 ecclesie

295 2592 516 2670 subdiaconi
537 2611 575 2671 et
596 2594 749 2685 notarii,
779 2595 939 2699 septimo
963 2592 1034 2670 lsal.
1057 2593 1172 2700 junii,
1194 2593 1399 2672 indictione
1421 2595 1637 2681 undecima,
1660 2595 1718 2670 in-

296 2723 521 2801 carnationis
548 2724 736 2801 dominice
750 2701 863 2801 'anno
897 2735 936 2802 u⁰
961 2739 996 2800 c⁰
1021 2740 1081 2800 ω
1105 2734 1174 2815 111⁰,
1200 2724 1439 2830 pontificatus
1469 2753 1556 2803 vero
1588 2725 1718 2803 domni

248 2892 262 2911 ι
296 2849 496 2929 Alexandri
515 2881 610 2960 pape
630 2853 730 2931 tertii
749 2882 848 2930 anno
871 2871 1046 2960 quarto.-

948 3155 1069 3230 XIII.

586 3336 730 3389 Quonim
753 3337 921 3381 stratensis-s
942 3337 997 3381 SUO
1018 3338 1122 3379 ΔΒΒΔΤῙ
1145 3337 1258 3380 tumel
1280 3336 1421 3378 tunsone.

291 3571 294 3574 .
348 3507 520 3587 Necdum
533 3505 764 3583 fermentum
777 3505 926 3582 malicie
940 3506 1115 3582 adversus
1128 3521 1272 3610 patrem
1293 3502 1442 3580 acorde
1459 3502 1625 3583 [iliorum
1640 3524 1718 3583 erat

286 3654 558 3745 ,expurgatum3
581 3664 669 3711 nam
688 3664 774 3742 pars
789 3663 924 3743 magna
939 3652 1159 3724 conventus,
1182 3651 1219 3711 et
1233 3634 1429 3740 presertim
1445 3635 1602 3741 juvenes
1621 3663 1717 3740 quos

293 3765 407 3841 abbas
430 3767 506 3843 Leo
525 3765 724 3856 nutrierat,
751 3764 892 3875 quibus
909 3757 1113 3847 videbatur,
1124 3780 1292 3842 mutatus
1317 3763 1421 3842 color
1440 3752 1620 3872 optimus,
1650 3795 1717 3842 no—

293 3892 449 3970 luerunt
470 3922 558 3970 eum
578 3922 732 4000 regnare
754 3922 867 3999 super
887 3924 944 3988 se,
965 3895 1248 4001 conciliatisque
1268 3893 1339 3971 sibi
1359 3895 1506 3972 comitis
1522 3912 1559 3973 et
1574 3896 1643 3972 filii
1658 3897 1716 3973 sui
1795 3990 1801 3997 ἰ

294 4023 459 4130 Philippi
476 4023 560 4130 (qui
574 4024 653 4130 jam
666 4041 769 4129 patre
783 4024 992 4129 decrepito,
1009 4025 1115 4131 quasi
1130 4024 1324 4132 regnabat,
1342 4042 1385 4102 ut
1398 4025 1611 4132 dicebatur)
1624 4026 1717 4107 lavo·
1792 4004 1804 4025 i

294 4155 419 4243 ribus,
441 4157 699 4244 Taruennam,
724 4154 764 4230 in
781 4155 988 4232 antumnali
1010 4155 1163 4251 sinodo,
1185 4171 1229 4232 ut
1248 4155 1419 4232 abbatem
1439 4185 1552 4232 suum
1569 4152 1715 4234 accusa-

177 4344 182 4353 ,
292 4300 393 4374 rent,
416 4312 508 4361 ausu
529 4283 730 4361 temerario
749 4284 876 4361 venire
894 4315 971 4363 non
992 4285 1216 4363 timuerunt.
1240 4285 1354 4378 Quod
1374 4285 1561 4392 presciens
1583 4286 1712 4379 abbas,

293 4441 378 4489 cum
399 4414 493 4506 suis,
514 4412 601 4493 illos
622 4431 750 4493 contra
769 4413 1025 4493 obedientiam
1045 4443 1227 4525 egressos,
1247 4433 1440 4523 tamquam
1459 4416 1658 4496 seditiosos
1678 4434 1714 4494 et

192 4549 194 4553 ’
294 4568 395 4618 sacre
420 4544 550 4650 regule
570 4561 882 4653 transgressorem
912 4545 951 4622 in
975 4545 1085 4653 plena
1111 4547 1246 4625 sinodo
1273 4545 1361 4623 fecit
1380 4548 1713 4636 excommunicari;

294 4675 578 4781 convocatisque
594 4676 817 4756 hominibus
833 4678 1008 4774 ecclesie,
1025 4677 1219 4758 nobilibus
1233 4677 1339 4767 viris,
1358 4679 1516 4758 domum
1531 4707 1715 4768 reversus,

335 4835 344 4866 ¹
367 4837 432 4900 Vid.
448 4860 550 4921 supra,
566 4861 594 4922 p.
611 4841 681 4902 διο.
