4478 5842
565 499 691 571 rans
728 448 1267 571 securint-smmis
1294 498 1385 569 nra.
1413 500 1460 570 11.
1644 498 1718 572 285

299 636 508 741 antiquum.
531 637 573 712 In
596 636 668 713 vita
690 655 815 714 tamen
838 637 935 745 ejus,
962 636 1116 714 ecclesia
1138 637 1178 712 in
1203 636 1361 741 pristino
1387 654 1483 714 statu
1504 640 1717 742 permansit.

301 764 370 842 Illo
387 765 493 842 senio
516 760 730 857 delabente,
750 768 877 844 omnia
897 767 1056 843 interius
1076 783 1113 842 et
1134 766 1295 842 exterius
1310 767 1490 871 paulatim
1509 767 1690 846 defecere.

872 1043 1153 1118 LXXXVIII.

594 1247 631 1285 ott
652 1244 773 1297 Quom
798 1243 948 1285 utuact'no
970 1244 1069 1285 SANGTI
1094 1244 1241 1285 tunorium
1265 1245 1430 1287 Strulnttsts.

360 1421 446 1513 Quo
461 1437 632 1526 ternpore
653 1421 807 1526 quidam
832 1419 988 1495 clericus
1009 1420 1103 1495 dixit
1118 1448 1156 1495 se
1176 1447 1243 1523 per
1257 1419 1410 1496 beatum
1425 1420 1686 1497 Andomarum
1701 1454 1721 1498 a

301 1551 512 1656 captivitate
527 1579 758 1657 paganorum
774 1550 847 1626 hoc
864 1550 982 1626 modo
999 1549 1215 1626 liberatum.
1234 1551 1407 1643 Quadam
1423 1551 1485 1626 die
1501 1550 1719 1628 christiano

302 1709 386 1756 rum
404 1697 515 1786 atque
537 1678 735 1785 gentilium
759 1680 1022 1786 congressione
1037 1679 1196 1756 invicem
1220 1680 1332 1769 facta,
1354 1680 1487 1787 pagani
1510 1682 1724 1786 superiores

300 1809 423 1896 fuere,
445 1807 714 1915 nonnullisque
732 1808 954 1886 christicolis
970 1810 1117 1900 occisis,
1136 1809 1364 1914 quibusdam
1385 1810 1501 1886 eciam
1522 1811 1561 1886 in
1581 1813 1724 1917 captivi·

299 1958 413 2017 tatem
437 1939 576 2024 ductis,
596 1939 769 2030 clericus,
792 1969 878 2015 cum
904 1940 1036 2015 ceteris
1062 1957 1206 2045 captus,
1228 1941 1267 2015 in
1293 1941 1506 2017 dominium
1528 1943 1722 2049 cujusdam

301 2068 471 2175 primatis
488 2069 656 2159 devenit3
673 2070 754 2175 qui,
774 2068 1239 2171 dumcomminationihus
1253 2069 1299 2145 ad
1315 2069 1572 2175 denegandam
1583 2068 1722 2148 Christi

303 2199 419 2276 fidum
432 2217 642 2306 urgeretur,
662 2199 827 2292 territus,
845 2200 969 2276 subito
982 2201 1014 2276 ei
1031 2201 1069 2276 in
1083 2200 1305 2277 memoriam
1323 2218 1470 2276 sanctus
1486 2199 1723 2278 Audomarus

301 2329 461 2405 incidit:
485 2331 565 2437 ejus
590 2330 768 2407 meritum
796 2347 833 2406 et
854 2319 1088 2408 sanctitatem
1109 2330 1338 2407 lerosolimis
1358 2359 1377 2406 a
1398 2324 1627 2407 nostratibus
1644 2332 1723 2436 jam

302 2478 408 2536 antea
430 2461 610 2538 audierat.
635 2462 779 2554 Quem,
798 2461 837 2536 in
861 2477 962 2537 tanta
982 2461 1150 2568 angustia
1167 2478 1367 2547 coartatus,
1392 2462 1481 2538 dum
1504 2461 1573 2537 sibi
1595 2462 1724 2538 adesse

303 2589 435 2669 devote
448 2591 626 2697 postulat,
639 2591 742 2682 ilico,
755 2592 795 2666 in
807 2592 1024 2668 monachica
1037 2609 1151 2681 veste,
1168 2592 1266 2668 inter
1276 2592 1619 2668 circumastantium
1634 2593 1726 2668 mu'l-

301 2721 523 2809 titudinem,
539 2721 741 2810 invocanti,
757 2722 889 2797 ceteris
901 2749 979 2798 non
991 2722 1224 2810 videntibus,
1237 2721 1434 2797 visibiliter
1443 2738 1564 2798 astans
1576 2740 1725 2798 sanctus

303 2849 556 2941 Audomarus,
581 2848 827 2956 compedibus
846 2879 932 2927 eum
949 2849 1096 2928 solvens
1111 2882 1119 2927 :
1137 2853 1350 2957 «Sequere,
1368 2851 1505 2957 inquit,
1524 2878 1597 2926 me.
1614 2889 1627 2918 a
1644 2853 1725 2929 Sta-

302 2981 448 3088 timque
469 3011 555 3058 eum
577 3010 752 3086 sequens,
776 2998 876 3058 extra
897 2983 1051 3087 opidum
1075 2982 1195 3074 venit,
1219 2980 1363 3059 cunctis
1379 2981 1444 3089 qui
1461 2982 1618 3058 aderant
1638 3012 1725 3057 eum

304 3111 505 3189 abeuntem
532 3111 788 3201 cernentibus,
824 3112 891 3189 sed
919 3114 1023 3219 qnod
1043 3111 1129 3220 fuge
1150 3112 1365 3189 intenderet
1389 3140 1466 3189 non
1495 3113 1727 3188 animadver-

303 3241 483 3320 tentibus.
510 3244 598 3336 Quo
619 3260 718 3319 extra
738 3241 895 3346 opidum
916 3243 1057 3350 posito,
1085 3261 1234 3320 sanctus
1255 3244 1359 3321 hunc
1375 3244 1540 3348 reliquit.
1566 3245 1725 3348 Moxque

304 3372 540 3464 custodibus,
557 3373 661 3478 quasi
676 3372 722 3448 de
739 3373 851 3452 extasi
868 3374 1005 3449 mentis
1025 3374 1124 3450 adse
1140 3372 1312 3463 reversis,
1331 3374 1421 3448 dum
1435 3372 1572 3480 fugisse
1586 3372 1727 3448 intelli.-

303 3521 407 3609 gunt,
424 3532 510 3580 cum
525 3532 661 3610 magno
678 3502 835 3608 strepitu
850 3503 1326 3609 insequunturfugientem.
1342 3503 1447 3594 Quos
1459 3501 1631 3591 audiens,
1649 3530 1726 3577 ma·
1822 3568 1834 3581 .
1907 3564 1920 3583 .

305 3632 360 3736 gis
372 3633 631 3723 conturbatus,
654 3650 753 3708 extra
767 3632 864 3706 viam
884 3630 1072 3736 publicam
1088 3629 1285 3735 paululum
1295 3632 1490 3720 secedens,
1506 3630 1576 3708 sub
1593 3631 1724 3708 arbore

306 3763 481 3869 contigua
502 3761 661 3851 resedit,
684 3762 887 3866 hostesque
914 3789 1002 3838 suos
1022 3778 1060 3838 et
1080 3762 1119 3838 in
1141 3762 1236 3838 viam
1259 3780 1297 3839 et
1319 3778 1418 3838 extra
1443 3761 1573 3840 videns
1592 3761 1727 3838 discur-

305 3917 388 3966 rere
410 3892 505 3966 etin
531 3919 569 3968 se
592 3890 753 3996 pedihus
775 3891 1003 3995 impingere,
1025 3919 1102 3968 non
1127 3909 1183 3968 est
1205 3892 1304 3968 visus
1324 3891 1370 3966 ab
1396 3893 1459 3968 eis.
1492 3890 1602 3968 Oculi
1624 3888 1725 3967 enim

306 4018 460 4096 illorum
482 4019 709 4097 tenebantur
732 4047 779 4095 ne
806 4048 892 4096 eum
916 4039 1175 4129 agnoscerent,
1198 4051 1284 4097 cum
1305 4050 1388 4098 ecce
1410 4021 1466 4098 illi
1484 4022 1604 4099 oranti
1623 4050 1727 4098 sanc-

305 4167 367 4226 tus
379 4151 627 4241 Audomarus,
644 4178 742 4255 equo
758 4148 845 4227 albo
859 4151 1043 4243 insidens,
1058 4170 1095 4229 et
1109 4151 1387 4259 pontificalibus
1400 4151 1599 4228 redimitus
1615 4152 1726 4228 indu-

307 4281 462 4372 mentis,
487 4280 542 4356 illi
566 4280 754 4386 apparuit,
780 4295 818 4356 et
844 4298 887 4357 ut
907 4300 994 4387 post
1012 4311 1050 4360 se
1072 4284 1290 4361 ascenderet
1305 4282 1527 4359 ammonuit.
1550 4281 1727 4358 Ascendit

307 4408 411 4501 ilico,
446 4410 568 4499 boias,
600 4411 640 4488 id
675 4428 730 4487 est
763 4410 939 4518 ligamina
959 4414 1106 4519 ‘pedum
1142 4413 1277 4505 ferrea,
1311 4413 1435 4491 ferens
1466 4414 1505 4490 in
1539 4412 1723 4490 manibus.

308 4540 434 4634 Quem
462 4540 503 4618 in
532 4527 637 4618 brevi
656 4541 776 4618 multa
805 4541 1001 4649 pervolans
1027 4560 1126 4620 terre
1151 4545 1271 4650 spacia
1298 4561 1446 4622 sanctus
1466 4545 1661 4651 deposuit;
1690 4561 1727 4619 et

307 4671 392 4778 quis
421 4688 532 4762 esset,
560 4671 619 4747 vel
643 4673 737 4779 quid
761 4671 975 4750 faciendum
997 4690 1110 4766 esset,
1131 4675 1191 4751 vel
1210 4704 1285 4782 quo
1312 4692 1500 4784 pergeret,
1522 4673 1726 4750 manifestis

310 4798 512 4878 insinuavit
529 4801 689 4880 indiciis.
707 4801 806 4880 Cum
827 4803 968 4883 catenis
982 4805 1151 4910 pervenit
1170 4805 1414 4896 lerosolimis,
1437 4832 1589 4881 narrans
1604 4803 1726 4881 omni-
