4478 5842
344 450 475 563 PARS
502 454 702 528 TERTIA.
719 496 772 509 -—
789 452 1236 529 CONTINUATORES
1263 455 1492 529 SIMONIS.
1557 454 1647 531 -529

229 570 459 691 piens,·dum
480 624 545 701 spe
565 593 666 671 bona
684 596 844 673 domum
861 596 996 674 reverti
1017 595 1142 674 suasit.
1161 596 1253 686 Sed,
1274 595 1366 672 dum
1388 612 1646 683 reverteretur,

230 719 269 794 in
288 720 423 801 itinere
445 725 663 831 infirmitate
691 744 901 833 correptus,
927 727 967 805 in
988 726 1119 804 lectica
1145 726 1192 802 ad
1212 726 1483 804 monasterium
1505 743 1561 803 est
1584 728 1649 804 de-

231 847 346 940 latus;
374 853 465 947 ubi,
486 873 572 962 post
597 838 742 963 aliquot
767 875 933 963 tempus,
958 856 1056 934 lecto
1081 855 1286 945 decubans,
1314 857 1477 965 langoris
1503 857 1649 934 camino

232 980 467 1089 decoquitur.

273 1323 416 1373 Quantum
439 1328 539 1369 ADBUG
560 1329 662 1370 vlvatts
683 1328 881 1370 onnruavznlr
904 1327 1137 1369 analvnttsanwu
1160 1325 1258 1376 SUUM,
1283 1328 1317 1367 ET
1340 1328 1377 1366 DE
1400 1328 1491 1368 rauci
1515 1328 1603 1369 outre}

789 1430 928 1472 rosstoms
949 1429 1092 1471 norsum.

287 1596 520 1675 Venerabilis
540 1598 729 1704 siquidem
746 1615 783 1675 et
804 1599 983 1675 emeritus
1003 1595 1135 1687 abbas,
1154 1597 1309 1703 cupiens
1327 1597 1367 1673 in
1390 1597 1563 1674 futurum
1583 1628 1650 1703 pro
1709 1692 1712 1697 Ι

231 1753 270 1799 se
289 1726 429 1834 rogari,
448 1745 533 1805 ante
551 1728 666 1834 hujus
687 1727 805 1806 seculi
822 1727 1026 1804 transitorii
1043 1755 1251 1833 egressum,
1274 1726 1422 1804 cenobii
1443 1728 1500 1804 sui
1524 1756 1653 1804 mona·

172 1886 179 1898 ·
231 1856 311 1933 chis
331 1856 584 1963 capitulariter
602 1858 832 1949 convocatis,
857 1857 1152 1933 anniversarium
1173 1857 1375 1963 quotannis
1399 1857 1521 1935 abeis
1545 1858 1653 1963 petiit

232 1983 331 2078 fieri,
353 2004 392 2064 et
401 1989 652 2099 petitumlcito
668 1988 897 2093 adipiscitur.
916 1987 964 2063 Ut
980 2003 1107 2063 autem
1123 1985 1261 2063 suturis
1275 2005 1402 2092 patere
1418 2004 1559 2093 posset,
1579 1988 1651 2065 hoc

235 2115 414 2222 scriptum
431 2117 575 2194 eisdem
595 2117 761 2223 reliquit.
826 2157 828 2160 v
1595 2094 1600 2103 Ι

807 2376 958 2418 ΗΕΙΡΒΔΒ
980 2377 1080 2419 GARTB.

290 2528 394 2634 «Ego
415 2531 509 2619 Lao,
533 2528 602 2607 Dei
627 2527 761 2634 gratia,
785 2525 899 2602 abbas
921 2526 1138 2602 monasterii
1164 2526 1264 2603 beati
1283 2528 1444 2618 Bertini,
1471 2529 1653 2606 universis
1672 2604 1673 2608 ,

235 2657 350 2734 michi
377 2659 416 2734 in
439 2673 666 2763 perpetuum
694 2656 920 2732 successuris
946 2655 986 2730 in
1013 2656 1149 2732 eodem
1178 2657 1407 2735 monasterio
1433 2657 1584 2763 prelatis
1616 2678 1653 2734 et

234 2785 340 2875 filiis,
361 2787 526 2892 presenti
546 2787 684 2891 scripto
708 2801 841 2862 notum
861 2783 982 2861 facere
1005 2784 1168 2876 decrevi,
1189 2785 1387 2891 quoniam,
1409 2804 1599 2864 annuente
1616 2806 1653 2864 et

234 2915 481 2993 confirmante
502 2914 684 3020 capitu10,
705 2914 899 2991 statuerim
917 2915 1209 2992 anniversarium
1225 2943 1357 2993 meum
1374 2916 1530 3025 singulis
1547 2919 1654 2994 annis

234 3046 328 3134 fieri,
347 3046 408 3123 die
421 3074 498 3153 quo
510 3074 554 3123 ex
564 3048 633 3123 hac
643 3044 727 3122 luce
742 3074 804 3122 me
815 3045 975 3154 migrare
989 3043 1162 3122 intulerit
1170 3044 1289 3153 jussio
1299 3046 1468 3123 Domini.
1483 3049 1655 3124 Fuerunt

233 3158 387 3282 insuper
404 3176 560 3282 quidam
576 3175 685 3282 probi
705 3162 897 3268 homines,
918 3175 984 3281 qui
1003 3174 1116 3251 bonis
1133 3176 1210 3254 suis
1229 3175 1422 3253 ecclesiam
1442 3176 1544 3255 beati
1560 3179 1651 3255 Ber-

232 3306 304 3381 tini
319 3325 472 3385 eatenus
488 3306 774 3412 ampliaverunt,
794 3324 838 3384 ut
852 3305 1098 3384 anniversaria
1110 3335 1176 3384 sua
1192 3306 1263 3383 sibi
1277 3336 1297 3381 a
1310 3306 1486 3384 fratribus
1497 3309 1652 3385 concedi

234 3453 271 3514 et
294 3437 511 3515 inconvulsa
528 3437 685 3515 stabiliri
705 3452 1024 3545 promererentur.
1052 3437 1331 3542 Circumspecta
1353 3437 1467 3543 igitur
1488 3437 1649 3525 ratione,

234 3569 372 3674 quibus
385 3569 597 3647 redditibus
610 3571 681 3647 hec
697 3567 979 3646 convenientius
993 3567 1169 3672 assignari
1183 3584 1353 3673 possent,
1368 3566 1551 3674 perpendi
1565 3567 1653 3673 quia

234 3728 366 3778 census
382 3699 429 3774 de
444 3697 613 3805 Broburg
628 3699 675 3773 ad
688 3726 781 3777 xxxv
796 3696 929 3790 libras,
952 3711 990 3772 et
1004 3725 1049 3772 eo
1068 3696 1248 3801 amplius,
1265 3696 1403 3774 nostris
1415 3695 1651 3802 temporibus
1732 3679 1735 3683 ’

233 3828 445 3917 accreverit,
474 3845 510 3903 et
539 3826 699 3917 idcirco,
726 3856 769 3904 ex
795 3828 929 3905 eodem
953 3855 1084 3916 censu,
1106 3843 1291 3933 qarantum
1316 3826 1523 3933 unicuique
1547 3827 1652 3903 anni-

233 3957 392 4034 versario
417 3940 586 4063 aptatum
608 3973 678 4047 est,
706 3955 841 4033 diebus
867 3957 1028 4047 statutis,
1050 3957 1192 4063 absque
1216 3957 1295 4033 ulla
1316 3956 1375 4033 vel
1395 3956 1512 4034 ullius
1534 3942 1655 4033 resta-¹

233 4086 399 4194 gatione,
426 4086 602 4164 fratribus
622 4088 814 4193 procurari
841 4086 1096 4165 determinavi.
1122 4087 1280 4165 Distinxi
1304 4086 1419 4196 igitur
1447 4087 1495 4163 ad
1521 4114 1651 4163 meum
1746 4166 1749 4171 ,

234 4216 525 4293 anniversarium
551 4215 737 4324 sexaginta
759 4216 918 4305 solidos,
940 4214 1043 4292 unde
1068 4214 1225 4293 habebit
1248 4233 1452 4294 conventus
1477 4216 1651 4324 generale

235 4346 393 4452 piscium
415 4364 452 4423 et
465 4347 597 4424 vinum
610 4372 696 4423 curn
716 4346 915 4434 braceolis,
936 4345 985 4422 ad
999 4346 1292 4424 anniversarium
1312 4326 1483 4437 abbates,
1501 4344 1651 4434 decani,

235 4476 479 4597 quadraginta
494 4492 655 4584 quatuor
666 4474 825 4564 solidos,
842 4475 946 4552 unde
961 4474 1088 4551 vinum
1104 4494 1143 4554 et
1157 4477 1275 4583 pisces
1289 4491 1547 4589 preparentur.
1565 4475 1650 4568 Que

237 4606 302 4712 qui
323 4604 531 4714 infregerit,
556 4635 576 4682 a
596 4605 788 4696 fratribus,
810 4606 875 4713 qui
897 4621 990 4682 tunc
1012 4622 1215 4712 presentes·
1225 4604 1396 4694 aderant,
1421 4634 1459 4683 se
1479 4605 1570 4682 sciat
1591 4632 1652 4680 ex-

238 4735 574 4820 communicatum,
600 4735 671 4812 nisi
696 4736 935 4841 resipuerit.»

1427 4862 1465 4925 lta
