4478 5842
622 476 753 550 Plus
789 475 958 549 PRIMA.
978 520 1027 531 —
1046 476 1301 564 FOLQUlNl
1332 478 1426 550 LIB.
1453 478 1500 550 ll.
1705 477 1773 550 llll

357 650 484 699 secum
496 619 722 696 detulerant.
738 618 888 713 Quibus
902 619 1074 725 peractis,
1087 618 1293 726 gaudentes
1307 620 1356 696 ad
1370 621 1520 725 propria
1531 622 1777 697 suntreversi.

357 754 473 828 Erant
496 769 640 839 autem,
665 752 784 827 isdem
807 750 981 826 videlicet
999 750 1210 855 Folquinus
1227 767 1264 826 et
1279 750 1516 858 Regenwala,
1534 751 1647 831 frater
1670 779 1777 841 suuS,
1850 827 1852 830 Α

358 882 426 958 lilii
462 882 631 970 Odwini,
662 881 731 957 filii
759 880 912 957 alterius
940 878 1108 968 Odwini,
1137 880 1308 985 quierat
1338 879 1452 957 frater
1481 880 1582 956 beati
1613 879 1781 986 praesulis

358 1014 386 1088 F
389 1013 547 1118 olquini.
562 1014 671 1088 Pater
682 1030 807 1088 autern
823 1011 994 1117 ejusdcm
1007 1010 1121 1085 sancti
1137 1011 1300 1116 episcopi
1312 1011 1433 1088 dictus
1447 1030 1503 1089 est
1517 1012 1778 1098 Hieronimus3

320 1249 324 1255 Ι
358 1143 517 1251 genitrix
538 1172 625 1219 vero
645 1142 909 1219 Ermentrudis
926 1157 981 1216 est
998 1157 1136 1216 vocata.

989 1466 1158 1548 LXXV.

821 1672 857 1712 ur
873 1658 976 1712 'uonrn
1000 1671 1161 1712 annnorum
1185 1672 1313 1712 annarrs.

414 1886 531 1995 Igitur
549 1904 634 1994 post
653 1886 732 1961 haec
755 1884 1010 1991 Adalolphus,
1039 1913 1164 1963 comes
1191 1904 1229 1962 et
1256 1885 1369 1963 abbas
1396 1885 1515 1993 [pius
1536 1902 1779 1995 posteaquam

358 2020 465 2096 annis
481 2018 698 2124 quindecim
719 2016 880 2093 cenobio
906 2017 996 2092 huic
1022 2015 1258 2122 prefuissetl,
1284 2018 1323 2092 in
1350 2019 1423 2093 hoc
1445 2016 1526 2120 ipso
1552 2021 1781 2098 monasterio

361 2148 487 2225 Sithiu
501 2165 689 2255 egrotans,
707 2146 802 2223 obiit
818 2175 915 2222 anno
932 2146 1131 2223 nativitatis
1141 2146 1296 2223 Domini
1309 2172 1561 2240 nocccxxxun,
1575 2150 1702 2228 idibus
1713 2179 1782 2228 no-

361 2278 541 2370 vembris,
563 2277 808 2384 sepultusque
825 2278 933 2354 estin
954 2276 1108 2353 basilica
1127 2276 1242 2355 sancti
1257 2277 1418 2366 Bertini‚
1438 2279 1478 2354 in
1494 2277 1610 2354 latere
1630 2280 1780 2359 sinistro

359 2409 481 2485 altaris
501 2410 617 2486 sancti
641 2409 792 2485 Martini
819 2409 1012 2514 capitanei.
1035 2410 1136 2485 Inter
1159 2407 1306 2514 reliqua
1331 2426 1456 2485 autem
1479 2406 1649 2501 donaria,
1675 2409 1781 2488 dedit

358 2540 406 2614 ad
422 2541 587 2617 eundem
607 2539 734 2616 locum
751 2539 904 2614 calicem
925 2540 983 2614 sui
999 2555 1110 2643 potus
1130 2567 1287 2615 aureum
1310 2556 1347 2614 et
1365 2538 1534 2615 balteum
1552 2540 1602 2615 ad
1628 2539 1779 2618 calicem

283 2642 288 2653 .
358 2670 647 2747 consecrationis
675 2668 855 2744 dominici
882 2666 1070 2773 sanguinis
1095 2665 1332 2758 faciendum,
1354 2668 1518 2745 armillas
1547 2687 1673 2747 autem
1696 2700 1780 2748 suas
1866 2766 1871 2777 ·

357 2817 483 2876 sancto
500 2801 717 2877 Audomaro
740 2798 787 2873 ad
808 2813 981 2902 patenam
1008 2798 1189 2874 concessit
1208 2798 1428 2875 faciendam.
1443 2798 1608 2877 Dederat
1626 2831 1779 2910 quoque

345 2947 465 3006 ¹antea
486 2931 610 3006 eidem
636 2946 762 3006 sancto
786 2902 1003 3006 Audoinaro
1019 2926 1176 3032 pallium
1198 2930 1411 3034 quoddam,
1439 2960 1531 3008 auro
1554 2934 1779 3040 margaritis-

357 3090 431 3168 que
453 3061 610 3137 mirifice
633 3038 980 3150 intextum3001itra
1000 3058 1104 3165 quod
1121 3060 1302 3139 Arnulfus
1324 3061 1495 3168 [inclitus
1515 3066 1723 3144 marchisus
1742 3085 1780 3144 et

339 3245 342 3251 -
358 3192 467 3291 istius
484 3190 598 3268 abbas
614 3209 836 3279 conventus,
857 3190 971 3266 frater
986 3188 1187 3296 Adalolphi
1200 3192 1279 3298 jam
1300 3192 1457 3300 mortui]
1475 3193 1636 3272 alterum
1652 3216 1779 3277 sancto

356 3324 511 3400 Bertino
531 3323 730 3414 concessit,
745 3320 931 3403 consimili
949 3349 1062 3426 opere
1077 3321 1318 3433 praecipuum.
1336 3324 1424 3400 Post
1443 3324 1549 3430 cujus
1564 3325 1777 3404 luctuosum

357 3453 521 3552 obitum,
548 3453 745 3544 Arnullus,
774 3453 888 3529 frater
911 3452 1007 3559 ejus,
1026 3451 1212 3529 abbatiam
1228 3483 1314 3529 cum
1337 3452 1486 3559 reliquo
1503 3455 1583 3560 ejus
1599 3457 1778 3533 comitatu

357 3584 497 3689 recepit
517 3583 648 3690 [etita
672 3582 826 3659 ecclesia
849 3581 936 3672 ista,
956 3598 1104 3685 pastore
1129 3580 1304 3688 religioso
1323 3583 1492 3674 viduata,
1516 3580 1652 3662 alaicis
1666 3587 1778 3661 mari·

356 3714 459 3804 tatis,
482 3742 549 3817 per
567 3715 725 3791 modum
746 3711 980 3800 hereditatis,
998 3726 1054 3788 est
1069 3710 1269 3818 possessa].

543 3948 558 3981 ὓ

970 4020 1160 4101 LXXVI.

695 4225 731 4265 DE
755 4220 891 4277 INGRESSU
915 4224 1088 4267 reurunuuu
1111 4228 1142 4268 tu
1167 4226 1223 4268 noc
1245 4224 1435 4269 uoutsrnmo.

414 4406 533 4513 Hujus
548 4420 675 4481 autem
690 4403 835 4482 abbatis
848 4422 887 4481 et
902 4404 1049 4480 comitis
1058 4404 1205 4483 Amulli
1219 4405 1452 4483 nobilissima
1467 4408 1629 4515 conjunx
1641 4408 1774 4500 Adela,

358 4563 444 4610 cum
461 4535 652 4641 sepissime
667 4535 812 4643 magnis
828 4532 1108 4611 infirmitatibus
1124 4554 1221 4613 esset
1232 4554 1438 4644 aggravata,
1454 4537 1666 4618 desiderare
1680 4542 1777 4647 cepit

357 4682 400 4742 ut
418 4665 458 4741 in
472 4667 544 4743 hoc
565 4666 792 4744 monasterio
808 4666 843 4742 ei
861 4665 1052 4742 licentiam
1070 4667 1245 4744 monachi
1263 4668 1396 4744 darent
1413 4668 1568 4761 intrare,
1591 4691 1634 4748 ut
1652 4699 1775 4747 coram

358 4795 471 4873 altare
495 4797 611 4874 sancti
630 4796 792 4888 Bertini‚
811 4825 880 4901 pro
899 4797 1019 4875 salute
1039 4796 1302 4903 deprecatura,
1324 4797 1454 4877 liceret
1472 4827 1510 4877 se
1524 4818 1772 4905 prosternere.
