4478 5842
619 512 741 583 PARS
774 510 1020 583 SECUNDA.
1037 551 1086 561 —
1107 506 1318 580 SIMONIS
1343 508 1435 580 LIB.
1464 508 1491 582 1.
1693 506 1758 574 tal

350 651 528 730 lidelibus
539 670 651 760 atque
669 653 740 760 piis
756 651 848 728 locis
864 666 1050 755 oportuna
1065 648 1238 756 suffragia
1256 649 1502 725 conferamus.
1516 649 1765 752 Quapropter,

265 810 273 833 ·
349 781 514 858 inclinati
536 781 711 888 precibus
730 781 822 870 tuis,
844 780 1031 856 carissime
1058 807 1101 854 ac
1119 778 1293 886 religiose
1319 777 1413 853 abba
1436 780 1554 866 Bovo,
1580 776 1767 883 perhanc

235 903 244 917 ’
348 929 473 988 nostre
494 913 725 990 auctoritatis
740 939 934 989 censuram
950 907 1217 986 confirmamus
1232 937 1273 983 ac
1289 908 1577 984 corroboramus
1597 906 1667 982 tibi
1681 908 1768 982 tuis

347 1070 419 1145 que
440 1043 717 1120 suecessoribus
736 1040 958 1149 regulariter
976 1038 1244 1144 promovendis
1265 1039 1453 1114 Sithiense
1475 1036 1675 1114 cenobium
1696 1040 1766 1113 im-

347 1191 591 1277 perpetuum,
614 1174 715 1278 quod
737 1173 776 1247 in
799 1169 990 1283 episcopio
1013 1170 1272 1245 Taruannensi
1293 1186 1348 1244 est
1367 1169 1610 1245 constitutum
1637 1167 1677 1242 in
1699 1169 1767 1245 ho-

347 1329 438 1378 nore
467 1305 583 1378 sancti
611 1303 711 1378 Petri
738 1330 778 1376 ac
815 1299 987 1377 omnium
1018 1298 1292 1404 apostolorum,
1330 1298 1396 1375 ubi
1429 1299 1544 1374 eciam
1576 1298 1765 1402 preclarus

347 1431 484 1508 Christi
511 1433 701 1508 consessor
727 1431 922 1519 Bertinus‚
949 1429 1065 1534 ipsius
1087 1428 1161 1505 loci
1183 1429 1329 1533 primus
1351 1428 1528 1504 fundator
1558 1458 1599 1504 ac
1630 1429 1762 1519 abbas,

348 1589 433 1636 cnm
447 1561 634 1668 Folquino
654 1590 696 1637 ac
716 1559 876 1649 Silvine,
893 1559 1011 1635 beatis
1030 1557 1323 1647 consessoribus,
1344 1585 1499 1662 corpore
1515 1559 1683 1662 quiescit.
1701 1560 1766 1635 Pa-

347 1690 438 1765 riter
457 1719 607 1797 qnoque
633 1691 902 1766 confirmamus
920 1689 990 1764 tibi
1009 1689 1161 1794 tuisque
1186 1687 1477 1778 successoribus,
1500 1688 1598 1764 sicut
1622 1688 1766 1765 dictum

347 1835 418 1906 est,
441 1820 746 1925 imperpetuum,
767 1835 897 1895 cuncta
919 1819 1043 1893 eidem
1065 1818 1225 1893 cenobio
1244 1819 1345 1924 juste
1367 1818 1610 1921 pertinentia,
1628 1836 1704 1896 tam
1725 1846 1766 1894 ea

347 1976 420 2054 que
447 1951 627 2027 hactenus
655 1949 855 2027 devotione
882 1947 1057 2024 fidelium
1083 1948 1223 2024 Christi
1249 1948 1327 2023 illic
1357 1947 1490 2024 collata
1518 1965 1623 2039 sunt,
1655 1978 1766 2054 quam

347 2106 421 2183 que
442 2079 619 2186 deinceps
634 2081 742 2186 juste·
755 2077 984 2157 conferenda
1009 2094 1115 2164 sunt,
1142 2078 1181 2151 in
1210 2077 1322 2167 arvis,
1345 2079 1501 2182 campis,
1529 2079 1659 2183 pratis,
1686 2109 1768 2185 pas·

349 2207 441 2298 cuis,
460 2209 575 2301 silvis,
597 2210 705 2316 aquis
723 2238 952 2315 aquarumve
970 2207 1208 2297 decursibus,
1230 2206 1479 2296 molendinis,
1497 2207 1680 2312 piscariis,
1699 2210 1767 2284 vil·

349 2337 411 2424 lis,
429 2338 614 2427 ecclesiis,
632 2340 890 2430 comitatibus,
907 2337 1073 2425 familiis,
1091 2338 1223 2428 vineis,
1241 2337 1435 2442 pomeriis,
1454 2338 1670 2441 cunctisque
1691 2340 1767 2415 suis

349 2466 554 2545 mobilibus
568 2470 626 2546 vel
642 2469 919 2560 immobilibus,
941 2468 1050 2545 cultis
1063 2467 1122 2542 vel
1137 2467 1308 2559 incultis3
1325 2485 1367 2544 ut
1387 2468 1574 2572 quidquid
1588 2468 1693 2557 inde,
1709 2497 1767 2545 se-

348 2598 514 2674 cundum
535 2599 604 2674 Dei
629 2600 824 2690 timorem,
851 2599 899 2675 ad
919 2599 1035 2703 ipsius
1055 2598 1204 2674 cenobii
1230 2597 1430 2673 utilitatem
1452 2596 1672 2704 regulariter
1692 2599 1767 2673 dis-

347 2727 523 2831 posuistis
546 2756 671 2834 agere,
698 2727 854 2802 libram
885 2728 923 2802 in
946 2725 1124 2804 omnibus
1149 2726 1316 2803 babeatis
1341 2725 1500 2802 faciendi
1525 2743 1765 2830 potestatem

349 2883 416 2960 per
430 2856 557 2932 omnia
578 2856 682 2933 vobis
705 2857 802 2934 salva
825 2873 863 2933 et
881 2857 954 2933 boc
979 2856 1172 2963 privilegio
1197 2873 1327 2933 nostro
1349 2856 1617 2960 perpetualiter
1634 2859 1769 2944 confir,-

233 3072 236 3078 ,
350 3001 448 3061 mata
476 2985 714 3062 immunitate
738 2986 803 3062 illa
827 3015 895 3063 seu
916 2985 1105 3076 libertate,
1129 3014 1242 3096 quam
1267 2985 1400 3063 beatus
1417 2985 1671 3078 Andomarus,
1698 2990 1769 3064 Ta-

349 3117 569 3192 ruannensis
593 3118 737 3222 presul,
759 3118 798 3194 in
818 3118 961 3222 prelato
978 3116 1090 3194 beato
1109 3117 1264 3193 Bertino
1285 3115 1409 3191 eidem
1432 3115 1592 3193 cenobio
1614 3120 1767 3224 proprio

348 3245 485 3349 scripto
510 3245 667 3323 indulsit
695 3263 808 3353 atque
836 3247 1090 3335 confirmavit,
1120 3274 1193 3351 qua
1219 3246 1401 3322 hactenns
1433 3246 1641 3323 secundum
1669 3249 1768 3327 beati

349 3373 518 3483 Gregorii
549 3405 643 3482 pape
659 3376 862 3455 luminoso
888 3377 1014 3455 abbati
1044 3404 1232 3466 concessa,
1257 3374 1433 3452 'obeunte
1459 3375 1593 3452 abbate
1622 3406 1770 3454 monas-

348 3504 433 3579 terii
453 3504 584 3609 ipsius,
610 3506 738 3583 nullus
760 3508 1023 3612 episcoporum
1044 3506 1083 3580 in
1113 3504 1373 3582 describendis
1392 3503 1704 3610 providendisque
1724 3502 1768 3582 'ac

347 3634 500 3738 quesitis
518 3636 765 3741 querendisve
792 3637 907 3713 rebus
927 3635 1083 3713 ecclesie
1100 3634 1232 3740 hujus,
1254 3634 1379 3739 aliqua
1398 3661 1437 3709 se
1461 3633 1670 3722 occasione,
1686 3664 1770 3741 per-

350 3763 518 3852 misceat;
541 3764 714 3840 abbatem
742 3793 830 3841 vero
858 3766 981 3842 eidem
1020 3763 1249 3841 monasterio
1286 3792 1364 3841 non
1391 3763 1524 3855 alium,
1557 3765 1623 3839 sed
1653 3792 1767 3870 quem

351 3891 508 3998 dignum
527 3892 697 3969 moribus
716 3909 828 3998 atque
853 3909 982 3998 aptum
1005 3893 1200 3998 discipline
1224 3893 1442 3982 monastice,
1464 3893 1657 3969 communi
1678 3922 1767 3972 con-

350 4047 477 4111 sensu,
512 4022 747 4128 congregatio
780 4038 859 4099 tota
898 4022 973 4111 vel,
1005 4023 1171 4126 quamvis
1197 4050 1324 4127 parva,
1355 4049 1440 4127 pars
1473 4023 1769 4129 congregationis

351 4149 488 4227 saniori
511 4149 684 4241 consilio,
711 4151 917 4228 secundum
936 4134 1226 4241 timorem‘Dei,
1248 4151 1477 4257 poposcerit,
1503 4152 1664 4237 ordinet.
1688 4154 1770 4230 Sta-

350 4282 472 4359 tiones
487 4299 612 4358 autem
626 4281 704 4358 illic
717 4281 885 4389 publicas
897 4310 966 4387 per
981 4281 1195 4388 episcopum
1217 4280 1299 4356 fieri
1322 4280 1478 4358 omnino
1504 4281 1766 4386 prohibemus,

352 4440 418 4502 ne,
440 4411 479 4486 in
499 4438 689 4488 servornm
708 4412 779 4488 Dei
799 4412 1023 4502 recessibus,
1046 4409 1292 4518 popularibus
1309 4410 1451 4488 occasio
1471 4409 1673 4516 prebeatur
1691 4413 1769 4490 ulla

352 4540 611 4633 conventibus,
634 4570 675 4618 ac
696 4542 941 4649 simpliciores
963 4570 1007 4618 ex
1023 4542 1096 4619 boc
1116 4543 1257 4619 animas
1272 4541 1513 4648 plerumque,
1535 4543 1640 4648 quod
1654 4543 1766 4635 absit,

352 4670 392 4746 in
416 4670 631 4747 scandalum
655 4652 787 4749 trahat.
813 4673 1063 4780 Frequentior
1085 4700 1238 4779 quoque
1260 4648 1456 4749 muliebris
1479 4671 1671 4761 introitus,
1697 4672 1768 4747 nisi

354 4798 465 4892 sorte,
481 4800 688 4879 secundum
708 4802 851 4880 dictum
863 4802 1031 4882 Nicholai
1047 4830 1158 4911 pape,
1177 4801 1224 4879 ab
1240 4802 1374 4880 abbate
1390 4800 1607 4880 monasterii
1625 4797 1684 4876 vel
1696 4796 1769 4875 fra-
