4478 5842
307 472 362 543 ss
658 468 1066 545 cnanrurnmuu
1093 468 1376 541 srrurnusn.
1425 500 1428 507 -
1551 418 1557 423 ’

306 612 354 688 ad
372 611 645 690 custodiamibi
663 612 886 719 ponendum
905 611 1036 688 censui
1052 628 1091 688 et
1108 610 1232 698 statui,
1250 627 1294 686 ut
1311 626 1351 686 et
1361 628 1542 716 quattuor
1551 613 1734 720 tempori·

272 803 282 825 .
305 743 378 821 bus
390 743 429 818 in
448 772 546 821 anno
562 745 759 821 missarum
772 741 996 848 sollempnia
1013 741 1248 819 celebrarent
1262 738 1435 831 stabilivi,
1453 742 1527 819 hoc
1542 759 1599 820 est
1611 770 1663 821 ιιι.
1677 742 1733 822 le·

304 873 360 951 ria
382 874 423 949 in
446 873 594 952 dierum
620 873 890 981 Rogationum,
917 873 958 948 in
986 871 1226 949 festiuitatem
1253 898 1407 977 quoque
1429 871 1531 951 beati
1551 874 1733 951 lobannis

302 1003 482 1108 baptiste,
504 1003 606 1079 etin
627 1001 865 1108 depositione
889 1002 1007 1079 sancti
1029 1000 1253 1090 Andomari,
1273 999 1313 1076 in
1333 1000 1533 1081 festivitate
1547 1002 1730 1081 Onnitnn

304 1134 545 1219 Sanctorurm
559 1150 601 1210 et
614 1131 860 1239 quicquidad
875 1132 1000 1236 ipsum
1016 1132 1131 1209 altare
1146 1130 1307 1222 veniret,
1325 1133 1500 1210 monachi
1514 1134 1732 1213 sanctisscr-

303 1264 393 1351 tini,
410 1264 553 1368 absque
567 1261 646 1338 ulla
666 1261 982 1354 contradictione,
995 1262 1100 1369 juxta
1115 1289 1263 1338 morem
1282 1262 1502 1367 pristinum,
1520 1262 1730 1343 secudum

303 1393 498 1471 decretrnn
519 1392 620 1469 beati
641 1392 863 1480 Andomart
887 1393 1010 1498 quod,
1036 1393 1075 1467 in
1101 1391 1299 1498 privilegio
1321 1392 1371 1469 de
1394 1391 1598 1471 truditionc
1615 1393 1733 1499 ipsius

303 1523 398 1614 loci,
421 1523 527 1599 istius
549 1523 622 1599 loci
644 1521 842 1598 coenobitis
862 1521 1011 1626 scripsit
1036 1538 1075 1597 et
1097 1521 1312 1608 interdixit,
1335 1521 1535 1613 haberent,
1560 1538 1735 1601 tenerent

303 1671 344 1728 et
357 1653 396 1727 in
409 1668 592 1757 perpetuo
607 1649 794 1754 perhenni
805 1649 892 1754 jure
908 1649 1162 1754 possiderent;
1180 1677 1252 1724 nec
1266 1650 1464 1754 episcopus
1478 1668 1543 1727 aut
1557 1651 1736 1730 archidia-

305 1811 421 1860 conus
437 1782 517 1888 ejus
536 1808 604 1856 seu
619 1778 756 1884 aliquis
771 1777 998 1855 clericorum
1013 1774 1070 1853 vel
1081 1777 1198 1883 judex
1214 1776 1422 1854 forensium
1441 1808 1569 1857 rernm
1587 1782 1735 1889 aliquid

303 1912 374 1989 sibi
391 1910 526 1988 exinde
535 1909 747 1986 vendicent.
761 1907 936 2014 Denique
948 1908 1028 2014 jam
1037 1907 1194 2013 quidam
1210 1924 1442 1985 emerserant
1452 1909 1607 1987 audacia
1619 1927 1735 1988 teme

302 2043 422 2121 citetis
444 2041 607 2145 decepti,
634 2040 801 2118 dicentes
823 2038 1030 2144 primatum
1049 2038 1223 2116 locorum
1243 2038 1346 2115 adse
1366 2038 1558 2144 pertinere
1577 2039 1729 2119 debere.

303 2175 478 2268 Quorum
499 2188 786 2278 presmnptuose
808 2169 996 2277 superbire
1016 2170 1210 2259 resistens,
1232 2197 1301 2274 per
1319 2168 1613 2275 descriptionem
1635 2173 1734 2277 capi·
1757 2158 1762 2163 ⁸

288 2303 476 2393 ¹tularem,
490 2331 616 2379 coram
632 2301 862 2408 quibusdam
875 2299 1102 2405 primatibus
1117 2300 1254 2408 regalis
1269 2299 1396 2405 palatii
1411 2317 1451 2377 et
1466 2302 1579 2409 hujus
1592 2260 1744 2408 panis?

303 2462 368 2510 eos
392 2435 481 2511 huic
508 2433 593 2510 loco
624 2432 778 2540 subegi,
811 2447 852 2508 et
878 2449 1056 2509 conatum
1086 2460 1218 2508 eorum
1248 2429 1485 2508 adnichilavi.
1514 2433 1594 2509 Hoc
1619 2432 1731 2509 etiam

302 2563 484 2670 scriptum
500 2563 661 2668 posteris
676 2561 973 2669 relinquendum
987 2560 1068 2637 lore
1083 2578 1205 2639 ratum
1219 2547 1326 2650 duxi,
1343 2577 1386 2637 ut
1398 2587 1465 2666 per
1480 2560 1553 2638 hoc
1566 2562 1733 2668 quando·

301 2723 376 2801 que
396 2694 590 2770 resistetur
608 2691 824 2769 invidorum
844 2691 942 2767 male
957 2689 1140 2769 voluntati
1159 2708 1199 2768 et
1215 2691 1288 2767 hoc
1309 2690 1512 2799 infringere
1522 2691 1730 2771 volentium

304 2825 436 2930 iniquo
452 2823 617 2898 conatui.
640 2822 755 2915 Quod
776 2824 1009 2928 quicunque,
1028 2822 1163 2899 futuris
1177 2822 1430 2928 temporibus,
1449 2822 1507 2900 vel
1526 2822 1731 2932 infringere

303 2952 362 3028 vel
377 2950 606 3028 adnichilare
622 2953 893 3057 presumpserit
916 2953 1040 3058 (quod
1059 2953 1191 3057 absitll
1212 2954 1431 3031 auctoritate
1450 2955 1569 3032 Patris
1588 2972 1627 3033 et
1644 2954 1729 3033 Filii

304 3099 343 3159 et
354 3082 515 3188 Spiritus
530 3082 675 3172 Sancti,
692 3083 890 3159 anathema
904 3083 969 3173 sit,
984 3083 1057 3160 nisi
1073 3083 1187 3192 digna
1202 3084 1413 3190 penitentia
1428 3085 1639 3192 resipuerit.

363 3212 525 3289 «Actum
539 3232 596 3291 est
610 3241 710 3291 anno
729 3213 998 3291 incarnationis
1013 3214 1212 3291 dominicas
1228 3241 1443 3294 ccccxxxix.
1465 3216 1672 3295 indictione
1689 3244 1727 3294 ιι.

304 3343 452 3448 imperii
478 3361 604 3421 autem
624 3344 822 3422 Hludovici
846 3345 944 3454 regis
969 3373 1068 3422 anno
1088 3372 1184 3424 xxvi.
1208 3346 1419 3452 presulatus
1435 3375 1590 3455 quoque
1610 3349 1729 3426 nostri

303 3504 403 3553 anno
421 3502 519 3554 mu.
536 3476 575 3552 in
593 3477 745 3554 ecclesia
757 3494 891 3553 sancte
907 3476 1042 3567 Mariae,
1058 3504 1119 3554 ιιι.
1134 3477 1206 3553 kal.
1216 3477 1321 3585 julii,
1338 3497 1518 3585 presente
1530 3479 1729 3557 universali

303 3607 452 3684 sinodo.

361 3737 465 3845 «Ego
478 3738 706 3826 Focomnos,
724 3765 769 3812 ex
789 3732 976 3814 consensu
996 3753 1033 3812 et
1053 3755 1231 3844 precepto
1249 3738 1381 3817 domni
1396 3738 1597 3818 Hludovici
1610 3740 1731 3847 impe·

304 3868 453 3956 ratoris,
483 3868 561 3943 haec
587 3864 795 3943 voluntarie
827 3866 988 3954 firmavi,
1015 3884 1055 3944 et
1080 3897 1166 3944 cum
1190 3869 1393 3975 episcopali
1423 3871 1729 3951 interminatione

304 3997 520 4102 subscripsi.

358 4127 466 4236 «Ego
490 4128 680 4220 Msxrircs,
710 4125 1016 4218 archidiaconus,
1045 4129 1263 4234 subscripsi.

360 4258 466 4366 aEgo
491 4259 616 4345 Hono,
643 4256 774 4346 abbas,
801 4255 1017 4369 subscripsi.
1290 4251 1293 4257 ’

345 4403 491 4484 «Signum
504 4405 670 4471 Anicium,
685 4403 831 4465 monachi.
845 4401 972 4486 Signum
980 4404 1169 4472 Anacssnrr.
1183 4406 1329 4467 monachi.
1339 4406 1465 4488 Signum
1475 4407 1568 4475 Mosa.
1579 4404 1728 4467 monmbi.

319 4490 322 4495 ¹
384 4505 509 4587 Signum
529 4504 652 4573 Urarcr,
670 4506 792 4567 cernitis.
814 4505 940 4587 Signum
956 4505 1105 4575 Ουσιιιιιι,
1131 4507 1268 4568 advocati.
1296 4509 1422 4592 Signum
1438 4509 1597 4575 Evsnmu,
1618 4506 1727 4569 militis.

387 4605 512 4688 Signum
523 4607 663 4677 baninu,
685 4608 797 4669 militis.

347 4709 430 4791 «Ego
442 4708 655 4779 Gcnrssurns,
671 4711 755 4771 levita
770 4718 800 4771 et
811 4710 988 4775 monachus.
999 4713 1087 4793 jussu
1104 4710 1216 4771 domini
1229 4710 1365 4794 Folquini
1377 4711 1514 4794 presulis,
1527 4712 1603 4772 banc
1613 4710 1725 4773 tanam

305 4813 406 4894 scripsi
421 4823 450 4873 et
465 4810 654 4895 subscripsi.»
