4478 5842
570 472 699 551 PARS
727 477 973 552 SECUNDA.
994 523 1044 537 -
1062 479 1275 555 SIMONIS
1302 484 1392 556 LlB.
1420 485 1467 557 ll.
1558 482 1563 495 “
1657 480 1729 551 257

954 767 1081 843 xxv,
1126 711 1128 714 ’

456 992 611 1034 nxaurtnn
632 989 725 1031 GAM'E
746 987 904 1038 tubunnis,
928 987 1067 1037 aetscort,
1093 987 1279 1029 nsuntrlortts
1299 985 1452 1028 obtusum
1474 972 1578 1027 TERRB.

367 1228 379 1257 a
394 1193 471 1296 Ego
494 1190 699 1278 lohannes,
714 1189 785 1264 Dei
802 1186 935 1292 gratia,
957 1186 1192 1264 Morinorum
1208 1187 1426 1290 episcopus,
1449 1213 1517 1289 pro
1535 1183 1734 1261 commisso
1757 1202 1830 1255 eirca
1841 1222 1864 1256 a.
1880 1205 1957 1258 nrt.

310 1320 469 1424 suscepti
485 1316 820 1426 regiminisofficio
837 1316 991 1420 cupiens
1006 1315 1166 1391 aliorum
1182 1333 1301 1391 errata
1317 1316 1514 1423 corrigere,
1528 1341 1733 1418 corumque

309 1449 417 1525 saluti
439 1450 478 1525 in
498 1465 692 1554 posterum
712 1448 925 1554 providere,
950 1463 1083 1523 notum
1102 1447 1196 1523 facio
1215 1465 1353 1522 terram
1373 1445 1592 1553 quamdam,
1620 1472 1732 1550 quarn

309 1578 478 1655 Alelmus
491 1579 650 1657 Mustela
667 1579 704 1653 in
721 1606 875 1655 censum
892 1576 1032 1667 tenuit,
1047 1577 1303 1682 predecessori
1312 1605 1398 1652 meo
1416 1575 1736 1653 domnoGerardo

308 1708 353 1782 ab
375 1707 508 1784 abbate
529 1709 644 1785 sancti
665 1707 808 1784 Bertini
825 1706 1101 1783 inconsiderate
1117 1705 1230 1782 nimis
1250 1734 1476 1782 concessam.
1499 1705 1612 1797 Quod
1630 1707 1737 1782 nimi·

308 1868 405 1929 rum,
418 1838 505 1946 quia
516 1838 688 1945 pactione
702 1839 881 1944 quadarn,
898 1837 1099 1914 simoniaca
1110 1835 1284 1912 videlicet
1294 1833 1582 1925 interveniente,
1598 1836 1734 1913 lactum

307 1971 564 2075 cognovimus,
579 1968 856 2045 communicato
870 1995 983 2072 super
998 1967 1070 2042 hoc
1087 1965 1255 2055 consilio,
1278 1997 1350 2071 qua
1371 1966 1480 2043 nobis
1494 1967 1594 2073 juste
1615 1998 1656 2044 ac
1676 1999 1735 2045 ca·

308 2100 445 2177 nonice
460 2101 616 2176 retineri
629 2115 757 2205 posset
767 2098 912 2174 nullam
923 2097 1108 2173 rationem
1123 2095 1290 2174 invenire
1302 2097 1506 2203 potuimus.
1520 2099 1645 2188 Unde,
1657 2116 1733 2175 tam

307 2229 439 2307 abbate
459 2259 572 2335 quam
596 2230 773 2306 fratribus
792 2229 1026 2305 unanimiter
1046 2227 1359 2334 supplicantibus,
1381 2228 1558 2332 quatinus
1578 2228 1732 2306 ecclesie

306 2389 371 2435 sue
382 2377 533 2453 terram,
548 2377 605 2437 tot
618 2389 804 2438 annorum
816 2360 1012 2437 curriculis
1023 2388 1242 2467 possessam,
1253 2359 1552 2448 restitueremus,
1563 2361 1730 2447 tandem,

306 2517 437 2566 corum
450 2492 623 2597 precibus
636 2492 815 2579 inclinati,
828 2491 1044 2596 petentibus
1055 2491 1169 2566 eciam
1185 2490 1456 2566 archidiaconis
1466 2490 1610 2566 Acardo
1619 2508 1730 2597 atque

308 2619 526 2727 Arnulph0,
544 2620 716 2698 Waltero
739 2620 989 2718 thesaurario,
1016 2619 1206 2725 Fulquino
1232 2638 1398 2712 cantore,
1428 2621 1587 2728 Hugone
1611 2649 1732 2698 sacer-

308 2751 413 2842 dote,
441 2780 623 2827 unacum
645 2750 872 2856 quibusdam
898 2750 997 2841 aliis,
1024 2768 1150 2826 sancto
1176 2751 1348 2839 Bertin0,
1376 2753 1480 2859 cujus
1505 2751 1733 2829 hereditaria

306 2898 400 2968 erat,
417 2911 499 2957 eam
515 2881 768 2970 reddidimus,
786 2898 838 2969 et,
856 2898 899 2956 ut
912 2882 1036 2957 cidem
1053 2882 1276 2958 famulantes
1284 2883 1367 2959 ¹sine
1378 2882 1547 2988 qualibet
1560 2883 1731 2961 molestia

304 3011 593 3117 inperpetuum
621 3011 785 3087 habeant
804 3029 915 3117 atque
940 3012 1172 3118 possideant,
1201 3011 1313 3122 sigilli
1341 2992 1457 3091 nostri
1485 3013 1731 3118 impressione

305 3143 515 3220 firmamus.

472 3329 617 3410 ³Signu1n
636 3328 799 3399 socians,
819 3330 947 3413 episcopi
968 3330 1173 3391 Mormonda.»

935 3615 1086 3690 xxvi.
1178 3595 1180 3599 ’

389 3782 542 3856 buttem
566 3817 658 3857 CARTE
684 3815 840 3866 tonarium,
863 3816 1004 3865 arlacum,
1036 3819 1073 3858 DE
1100 3818 1215 3860 bretun
1234 3820 1424 3863 turnosonuu
1448 3821 1539 3863 EUJUS
1559 3821 1643 3863 vltra

873 3918 972 3959 sanc'n
998 3920 1161 3963 annonast.

359 4125 428 4200 «ln
449 4124 603 4200 nomine
632 4124 749 4199 Patris
779 4140 816 4201 et
837 4123 923 4200 Filii
943 4142 981 4200 et
1007 4124 1168 4231 Spiritus
1190 4128 1327 4206 Sancti.
1349 4130 1481 4208 Amen.
1500 4131 1597 4208 Cum
1626 4136 1726 4238 apud

301 4253 496 4330 castellum
518 4254 634 4331 sancti
654 4253 860 4331 Andomari
881 4256 920 4331 in
940 4256 1071 4334 multis
1090 4287 1197 4335 more
1219 4260 1440 4338 inconsueto
1461 4284 1723 4358 succresceret,

301 4401 471 4490 essetque
492 4384 598 4469 valde
618 4384 838 4480 molestum,
859 4417 945 4465 cum
962 4387 1181 4496 hujusmodi
1203 4390 1403 4469 indiscrete
1423 4394 1638 4475 cohabitare
1657 4398 1725 4476 ho—

300 4515 485 4605 minibus,
513 4515 704 4622 inspiravit
729 4517 861 4595 caritas
878 4519 951 4597 Dei
975 4522 1166 4624 quendam
1191 4521 1365 4616 divitem,
1391 4522 1547 4604 nomine
1566 4528 1726 4607 Vumra-

204 4660 215 4677 '
301 4645 410 4736 dum,
442 4647 507 4753 qui
527 4647 689 4752 propriis
707 4649 923 4755 sumptibus
948 4650 1048 4756 cepit
1066 4651 1192 4730 locum
1213 4645 1432 4733 construere
1459 4675 1667 4753 remotum,
1688 4677 1726 4737 et

299 4775 387 4855 satis
409 4777 601 4885 ydoneum
625 4776 844 4858 hominibus
867 4780 933 4859 tali
959 4781 1171 4892 egritudine
1198 4787 1398 4893 occupatis.
1427 4786 1600 4896 Cumque
1628 4811 1725 4872 esset
