4478 5842
306 447 373 514 152
615 526 617 530 ,
650 434 1055 531 CHARTULARIUM
1093 446 1374 521 SlTHIENSE.

302 584 495 688 replentur
516 586 648 691 plateae
673 589 942 669 innumerabili
968 588 1131 694 popul0;
1161 588 1266 665 adest
1294 603 1430 691 antem,
1446 604 1490 663 et
1525 586 1724 691 episcopus
1808 630 1812 639 ·

301 714 396 817 ipse,
413 735 450 792 et
470 715 656 796 elevantes
672 721 893 797 sanctissimi
909 720 1023 824 patris
1036 720 1239 799 Audomari
1258 718 1457 824 corpusad
1470 717 1628 803 inferius
1641 745 1724 797 mu-

303 847 525 938 casterium,
554 879 641 925 cum
660 850 836 925 {lentium
856 848 1084 954 populorum
1105 849 1307 953 deportant
1326 848 1597 929 multitudine.-
1616 848 1724 924 Facta

302 993 426 1050 autem
457 978 551 1055 inibi
581 981 767 1070 oratione,
791 981 997 1057 relevantes
1023 981 1196 1085 ejusdem
1223 980 1337 1057 sancti
1366 1008 1512 1084 corpus,
1539 979 1724 1067 sanctissi«

302 1106 431 1209 mique
458 1108 619 1198 Bertini,
647 1110 989 1213 piissimisuorum
1013 1112 1051 1186 in
1077 1110 1360 1187 necessitatibus
1387 1110 1625 1214 protectoris,
1649 1137 1724 1201 una

304 1264 388 1308 cum
403 1296 406 1301 .
419 1238 553 1313 sanctis
573 1239 746 1316 Richario
772 1257 809 1315 et
836 1241 1045 1345 Walarico,
1072 1241 1120 1317 ad
1149 1241 1320 1345 superius
1342 1240 1519 1317 deferunt
1538 1257 1725 1339 monaste-

304 1365 420 1457 rium,
443 1367 535 1465 ealle
563 1371 734 1472 repetito.
754 1371 929 1476 Cumque
954 1372 1141 1447 venissent
1161 1373 1200 1447 in
1225 1371 1432 1447 interstitio
1445 1370 1614 1475 quodam
1636 1369 1727 1445 dno

304 1526 386 1570 runi
415 1499 751 1590 monasteriorum,
772 1502 945 1605 episcopo
962 1529 1176 1576 sermonem
1191 1501 1350 1577 faciente
1364 1502 1412 1577 ad
1431 1500 1635 1605 populum„
1652 1502 1726 1590 Ro-

305 1627 452 1716 dull'us,
481 1656 594 1732 quem
627 1659 737 1733 supra
771 1632 991 1719 memoravi,
1028 1648 1165 1707 terram
1192 1631 1379 1736 quandam
1401 1631 1625 1711 hereditatis·
1650 1659 1728 1707 suas

306 1775 559 1869 nuncupatam
575 1766 582 1803 ¹
590 1819 769 1836 .......
784 1832 786 1837 ,
789 1820 880 1841 .....
881 1812 884 1817 n
903 1762 1062 1866 conjuge
1078 1779 1117 1837 et
1133 1760 1221 1837 filiis
1237 1761 1576 1850 consentientibus,
1596 1779 1725 1839 sancto

306 1888 459 1963 Burtino
485 1889 640 1965 tradidit
665 1891 944 1995 possidendam.
967 1892 1066 1967 Uxor
1088 1921 1174 1967 vero
1196 1893 1276 1998 ejus
1295 1891 1403 1969 binas
1427 1921 1560 1970 aureas.
1576 1890 1728 1975 lunulas

307 2020 586 2123 promptissima
602 2021 729 2097 eidem
745 2039 871 2098 sancto
887 2022 1071 2098 concessit
1087 2022 1289 2100 voluntate.
1309 2024 1395 2098 Post
1406 2025 1494 2112 hoc,
1512 2040 1727 2101 sanctorum

309 2178 463 2254 corpora
492 2151 537 2227 ad
572 2151 688 2227 sancti
712 2150 920 2228 laudomari
948 2153 1217 2229 monasterinm
1243 2170 1332 2228 sunt
1359 2153 1498 2242 delata,
1526 2169 1654 2256 atque,
1687 2152 1727 2226 in

309 2280 466 2357 introitu
494 2280 674 2369 ecclesiae,
704 2279 752 2354 ad
780 2279 1150 2363 bominisstatuvam
1174 2280 1343 2359 trabibus
1366 2280 1635 2385 superelevata,
1658 2280 1729 2357 sub
1804 2306 1807 2313 ’

310 2440 350 2484 ea
368 2411 596 2516 populorum
613 2411 649 2484 in
673 2410 825 2487 ecclesia
845 2410 1103 2488 subintrabant
1121 2412 1280 2517 agmina.
1298 2412 1428 2516 lgitnr,
1450 2411 1628 2517 quiajam
1658 2439 1731 2487 nox

309 2541 569 2634 incumbebat,
597 2543 711 2618 abbas
731 2542 990 2648 Regenoldus,
1012 2542 1242 2646 prospiciens
1262 2542 1341 2647 jam
1362 2571 1438 2619 non
1462 2571 1540 2619 esse
1566 2541 1727 2630 reditus,

312 2671 385 2746 illie
404 2701 489 2748 cum
507 2690 721 2749 sanctorum
738 2672 959 2777 corporibus
975 2689 1085 2747 nocte
1104 2671 1166 2746 illa
1179 2688 1235 2747 est
1246 2674 1555 2776 pernoctatusln
1569 2672 1730 2748 crastino

312 2803 558 2907 obsequente,
584 2820 745 2907 utroque
777 2802 1093 2879 monasteriorum
1119 2819 1306 2878 conventu
1330 2802 1377 2878 ad
1406 2803 1554 2908 propria
1583 2801 1732 2906 requie-

310 2932 424 3006 tionis
440 2932 517 3006 loca
537 2951 624 3007 sunt
641 2932 788 3008 referta.
811 2935 899 3008 Post
916 2933 993 3007 haec
1012 2931 1204 3008 llilrelinus
1226 2933 1399 3037 quidam,
1415 2950 1508 3009 tunc
1529 2932 1729 3038 puerulus,

312 3061 373 3135 hic
394 3063 601 3137 monachus
626 3079 681 3138 est
705 3061 873 3152 oblatus;
897 3091 983 3138 cum
1009 3091 1086 3167 quo
1107 3079 1213 3167 pater
1233 3063 1365 3168 ipsius,
1389 3064 1543 3140 nomine
1564 3063 1730 3151 Vualdo,

313 3190 507 3265 ecclesiam
523 3192 714 3295 quandam
736 3192 954 3270 hereditatis
969 3223 1060 3283 suae,
1083 3194 1122 3270 in
1138 3193 1225 3270 villa
1238 3193 1503 3283 Granairdicta,
1522 3193 1731 3270 saerolvuic

314 3320 396 3395 loco
419 3319 591 3408 tradidit,
615 3350 726 3426 quam
751 3339 787 3395 et
809 3350 875 3426 per
895 3323 1116 3426 precariam,
1138 3325 1176 3398 in
1198 3352 1264 3400 sua
1287 3341 1324 3398 et
1350 3322 1418 3398 lilii
1439 3321 1592 3397 alterius
1618 3321 1730 3397 vitam

314 3451 625 3539 emeliorandam,
648 3451 801 3557 recepit.

935 3767 1189 3879 cxxx.⁸

492 4006 495 4015 ·
562 4036 565 4043 ⁴
653 3984 731 4036 QUOD
753 3984 842 4027 LOCUS
863 3986 915 4026 fflc
936 3987 952 4025 Α
976 3985 1088 4028 ΒΟΙΙῐΝΟ
1109 3983 1191 4025 cumr
1213 3980 1400 4023 resumam.

357 4200 437 4311 ..His
452 4198 705 4305 temporibus,
726 4199 855 4275 nescio
867 4217 997 4276 utrum
1013 4199 1173 4306 peccatis
1189 4196 1439 4307 exigentibus,
1457 4224 1504 4270 an
1525 4194 1734 4271 secundum

316 4306 582 4441 qno'dlegitur
610 4329 809 4433 scriptum,
837 4330 990 4423 quem
1012 4329 1137 4441 diligit
1164 4328 1352 4407 Dominus
1377 4324 1549 4429 corripit;
1575 4322 1738 4429 flagellat

315 4478 615 4579 appemiomnem
632 4459 754 4577 ¹filium
769 4490 882 4567 quem
898 4462 1047 4569 recipitj
1064 4501 1075 4530 n
1097 4462 1203 4538 locus
1218 4460 1280 4535 hic
1300 4455 1579 4535 lacrimabiliter
1595 4454 1676 4533 elel
1718 4499 1737 4513 -
1799 4495 1802 4503 ·

315 4590 381 4707 ῑῖίςεΔ
395 4590 519 4710 abac,
532 4589 646 4699 'lepra‘
663 4590 761 4710 cepit
778 4591 969 4701 llagellari,
993 4592 1090 4703 Quo
1103 4588 1254 4676 morb0,
1277 4589 1383 4690 quod
1400 4587 1643 4665 lacrimosum
1664 4603 1734 4677 est,

331 4773 697 4859 ,lllaostncmmtlociv
748 4818 752 4825 ·
806 4794 836 4836 :.
890 4814 917 4831 .·
989 4800 1038 4831 .·
1087 4814 1093 4823 -
