4478 5842
463 475 587 546 PARS
615 474 881 549 Tuumn-
899 476 1325 552 CONTINUATORES
1350 481 1575 557 SIMONIS.
1652 486 1723 555 557

963 760 1072 834 XLI.

348 955 493 1006 Quaxrrttn
520 958 611 1000 ABBAS
639 958 746 1000 NOSTER
775 960 863 1000 namt
890 961 920 1001 tu
949 961 1067 1001 FEODUM
1095 959 1236 1009 Quannau
1259 960 1376 1001 TERRAM
1400 961 1536 1003 TRIGINTA
1560 965 1682 1005 DUARUM
1786 948 1789 953 ’

822 1062 1020 1103 MBNSURARUM
1043 1063 1073 1103 ΙΝ
1096 1061 1209 1103 FURh'lS.

363 1255 536 1346 Quodam
565 1274 755 1362 tempore,
781 1260 871 1335 dum
900 1258 1158 1335 Theodericus
1183 1286 1308 1335 comes
1328 1258 1583 1337 lherosolimis
1609 1280 1723 1341 essct.

306 1384 489 1470 Leonius,
517 1385 630 1462 abbas
653 1388 754 1464 bone
784 1386 985 1479 memorie,
1021 1389 1067 1465 de
1091 1417 1205 1465 manu
1234 1389 1416 1495 Philippi,
1445 1388 1512 1463 [ilii
1540 1391 1613 1475 sui,
1643 1392 1723 1497 qui,

304 1513 448 1589 vivente
472 1533 597 1620 patre,
628 1518 732 1623 quasi
758 1518 1009 1624 perfunctorie
1030 1519 1115 1625 jura
1143 1519 1341 1595 comitatus
1368 1518 1579 1608 exercebat,
1608 1548 1726 1624 quan-

307 1642 392 1718 dam
408 1661 544 1721 terram
563 1648 602 1723 in
618 1647 807 1725 territorio
820 1648 1005 1726 Furnensi
1022 1648 1168 1726 circiter
1183 1675 1254 1725 xxx
1270 1649 1429 1725 duarum
1444 1676 1723 1736 mensurarum,

305 1799 378 1875 que
400 1773 447 1848 dc
472 1772 585 1853 scodo
612 1777 758 1857 comitis
783 1795 881 1863 erat,
904 1779 943 1853 in
965 1777 1208 1856 elemosinam
1229 1795 1438 1884 receperat,
1462 1778 1723 1865 Lambertum,

305 1903 410 2009 cujus
428 1905 560 1981 eadem
579 1924 675 1983 terra
695 1905 833 1995 suerat,
854 1908 1081 1984 monachum
1102 1907 1251 1985 faciens.
1274 1909 1375 2001 Que,
1398 1936 1567 2014 regresso
1589 1909 1724 1985 eodem

196 2026 200 2034 ’
305 2032 558 2127 Theoderico,
580 2066 706 2113 cuma
734 2037 955 2144 propinquis
977 2038 1146 2145 ejusdem
1172 2038 1362 2114 Lamberti
1387 2039 1426 2112 in
1447 2067 1594 2115 causam
1618 2039 1725 2115 tracti

305 2188 489 2252 essemus,
511 2165 622 2243 nobis
640 2181 696 2244 est
714 2167 943 2274 adjudicata,
964 2196 1009 2244 eo
1027 2169 1133 2273 quod
1152 2166 1253 2243 lilius
1272 2168 1319 2243 dc
1339 2168 1567 2283 hereditate,
1587 2198 1660 2274 que
1683 2198 1725 2243 ex

303 2310 406 2396 parte
427 2297 542 2401 patris
562 2297 677 2386 venit,
695 2297 838 2375 vivente
851 2314 975 2403 patre,
993 2297 1089 2376 nihil
1107 2298 1231 2403 potuit
1250 2297 1306 2374 vel
1329 2298 1461 2374 debuit
1482 2297 1586 2387 dare,
1609 2326 1724 2403 quem

305 2425 512 2512 constabat,
529 2429 738 2504 secundum
760 2428 878 2537 leges,
901 2429 1071 2506 nondum
1091 2428 1236 2535 aliquid
1257 2427 1444 2513 habuisse.
1462 2428 1564 2503 Hanc
1585 2445 1722 2504 terram

303 2549 432 2640 abbas,
456 2555 502 2631 de
523 2586 600 2664 quo
619 2557 681 2633 hic
700 2587 824 2635 sermo
839 2578 910 2645 est,
930 2558 1053 2636 lavore
1074 2558 1222 2636 comitis
1244 2575 1281 2635 et
1297 2557 1484 2634 baronum
1498 2558 1563 2662 qui
1575 2558 1724 2664 judices

303 2687 405 2761 curie
427 2705 547 2776 erant,
562 2689 689 2765 studio
706 2707 742 2765 et
762 2690 955 2796 diligentia
971 2717 1054 2778 sua,
1071 2688 1142 2766 sibi
1161 2687 1362 2794 acquisito,
1382 2686 1627 2792 recuperavit,
1647 2688 1723 2763 dic-

285 2830 402 2915 ‚tante
422 2835 459 2893 et
473 2818 666 2924 judicante
682 2819 801 2907 curia,
823 2819 910 2925 quia
930 2818 1169 2927 privilegium
1190 2819 1338 2895 comitis
1357 2819 1448 2894 inde
1469 2818 1719 2906 habebamus,
1788 2916 1790 2920 μ

302 2947 407 3052 quod
428 2974 553 3023 comes
580 2948 816 3057 privilegium
838 2948 1108 3033 suumsalvare
1133 2948 1305 3040 deberet,
1329 2966 1382 3037 et,
1412 2948 1508 3024 sicut
1528 2966 1633 3054 pater
1654 2948 1723 3024 do-

299 3076 513 3175 nationem,
540 3106 614 3185 que
641 3080 689 3155 de
715 3094 812 3155 terra
835 3107 902 3156 sua
926 3079 1007 3155 sine
1032 3106 1100 3155 suo
1127 3106 1279 3157 assensu
1303 3077 1396 3155 lacta
1422 3078 1513 3173 luit,
1540 3079 1721 3184 quamdiu

300 3207 404 3295 vixit,
428 3209 552 3313 potuit
572 3209 780 3301 infirmare,
802 3209 851 3286 ita
870 3210 987 3304 lilius,
1010 3211 1075 3317 qui
1097 3210 1347 3287 hereditarius
1367 3209 1478 3286 heres
1499 3228 1593 3298 erat,
1616 3212 1722 3316 quod

299 3364 368 3442 per
387 3366 425 3414 se
445 3337 585 3417 lactum
605 3339 911 3447 recognoscebat,
938 3369 1154 3419 conservare
1180 3338 1313 3417 debuit
1338 3356 1375 3416 et
1393 3339 1625 3416 confirmare.
1648 3342 1720 3417 Ve-

300 3497 402 3558 rum,
424 3472 512 3575 quia
532 3471 664 3548 eadem
684 3489 782 3548 terra
807 3470 930 3548 multo
950 3489 1123 3577 tempore
1144 3499 1164 3545 a
1185 3469 1288 3545 laicis
1308 3496 1474 3573 possessa
1496 3485 1591 3557 erat,
1615 3484 1652 3542 ct
1673 3469 1719 3543 de

300 3628 413 3676 manu
434 3601 473 3675 in
493 3630 648 3679 manum
668 3602 818 3678 vendita
839 3618 877 3676 et
896 3600 1115 3695 revendita,
1127 3616 1165 3675 et
1183 3615 1226 3675 ut
1244 3597 1379 3675 melius
1398 3626 1418 3672 a
1439 3597 1549 3673 nobis
1568 3598 1719 3707 elonga-

300 3747 414 3819 retur,
441 3731 571 3806 multis
599 3731 717 3807 eciam
745 3729 931 3807 nobilium
947 3731 1113 3807 virorum
1139 3728 1323 3837 homagiis
1353 3727 1551 3834 implicita,
1581 3729 1609 3803 si
1641 3758 1719 3805 non

299 3885 411 3933 aurea
429 3876 521 3934 tunc
540 3860 639 3965 pacis
663 3860 820 3937 fuissent
839 3878 1030 3966 tempora,
1050 3859 1136 3965 plus
1155 3858 1266 3936 nobi's
1293 3857 1520 3965 adjudicatio
1545 3873 1644 3933 terre
1673 3859 1719 3934 il-.

300 3988 372 4066 lius
392 3989 580 4067 nocuisset
600 4019 714 4095 quam
734 3989 951 4096 proluisset3
969 3989 1167 4095 presertim
1183 4018 1270 4066 cum
1290 3990 1393 4067 idem
1410 3989 1493 4064 laici
1512 4008 1719 4064 assererent

300 4132 337 4194 et
351 4120 509 4225 probare
521 4119 676 4207 vellent,
689 4118 805 4225 quod,
821 4118 916 4195 datis
924 4120 1100 4205 Jordano‚
1112 4119 1299 4196 monacho
1312 4137 1349 4195 et
1360 4118 1562 4196 camerario
1574 4137 1715 4205 nostro,

298 4249 427 4358 viginti
448 4250 603 4341 marcis,
618 4268 790 4356 tempore
813 4248 1038 4327 Theoderici
1059 4249 1226 4340 comitis,
1243 4246 1439 4324 nobiscum
1459 4275 1589 4352 pacem
1610 4247 1717 4326 lecis-

298 4397 392 4455 sent.
422 4382 578 4457 Terram
605 4379 709 4457 illam
741 4378 890 4457 duobu's
916 4379 1128 4487 vel‘parum
1155 4377 1318 4485 amplius
1340 4377 1445 4454 annis
1472 4395 1558 4483 post
1582 4379 1653 4457 hec
1677 4381 1715 4455 in

298 4537 414 4587 manu
441 4527 568 4588 nostra
587 4513 797 4601 tenuimus,
825 4511 892 4588 sed
918 4539 1112 4619 nunquam
1146 4512 1226 4588 sine
1251 4509 1422 4617 querela3
1449 4538 1536 4585 nam
1566 4539 1715 4589 carruce

298 4656 425 4716 nostre
440 4641 667 4720 multociens
686 4642 879 4720 decadem
895 4641 1079 4719 violenter
1096 4640 1251 4719 suerunt
1270 4643 1405 4749 ejecte,
1428 4640 1563 4717 horrea
1582 4639 1714 4716 furtive

298 4797 488 4861 succensa,
506 4791 544 4851 et
562 4802 768 4880 numquam
787 4773 893 4862 inde,
915 4772 986 4849 nisi
1007 4801 1074 4878 per
1088 4773 1163 4851 vim
1184 4771 1345 4858 comitis,
1364 4770 1507 4877 aliquid
1527 4769 1718 4874 profectus
