4478 5842
311 465 359 540 8lt
659 467 1064 542 CHARTULARIUM
1091 465 1370 577 SITfllENSE.

180 702 186 707 -
310 605 550 712 fidejussores
567 606 775 697 tollendos,
794 625 859 686 aut
880 609 1055 686 homines
1071 607 1189 714 ipsius
1201 589 1428 683 'monasterii
1445 622 1522 682 tam
1542 607 1728 714 ingenuos

311 766 424 843 quam
456 755 494 815 et
526 766 650 816 servos
678 738 973 848 distringendos,
1007 767 1076 816 nec
1102 737 1200 814 ullas
1226 735 1473 813 redibitiones
1490 755 1555 814 aut
1580 736 1727 815 illicitas

309 868 522 945 occasiones
540 867 797 976 requirendas,
815 867 896 945 ullo
916 898 1084 976 unquam
1098 886 1271 972 tempore
1285 866 1432 973 ingredi
1446 867 1594 960 audeat,
1610 868 1669 945 vel
1684 896 1727 945 ea

308 1026 390 1102 quae
419 1027 531 1102 supra
560 1014 767 1075 memorata
793 1016 882 1075 sunt
909 1000 1060 1104 penitus
1093 1015 1258 1075 exactare
1287 1013 1495 1102 presumat,
1523 999 1590 1077 sed
1619 998 1728 1076 liceat

308 1146 518 1205 memorato
533 1128 658 1204 abbati
676 1129 828 1233 suisque
844 1130 1122 1208 successoribus
1135 1157 1194 1205 res
1208 1127 1368 1235 predicti
1382 1127 1615 1218 monasterii,
1630 1128 1728 1206 sicut

308 1257 348 1333 in
362 1274 540 1364 precepto
562 1257 694 1333 domni
715 1274 753 1334 et
768 1251 948 1366 genitoris
969 1260 1087 1336 nostri
1104 1261 1330 1346 continetur,
1347 1286 1434 1334 cum
1447 1285 1580 1335 omnes
1598 1257 1725 1334 fredos

202 1452 206 1458 .
309 1401 347 1463 et
360 1384 507 1464 bannos
524 1387 595 1464 sibi
612 1416 821 1481 concessos,
844 1389 915 1465 sub
934 1390 1183 1467 immunitatis
1202 1405 1339 1465 nostrae
1354 1386 1574 1464 defensione
1594 1388 1725 1493 quieto

309 1516 442 1592 ordine
470 1517 682 1621 possidere:
710 1517 889 1622 quatinus
912 1519 1014 1624 ipsos
1039 1545 1162 1596 servos
1184 1518 1272 1608 Dei,
1303 1517 1369 1622 qui
1396 1515 1541 1593 ibidem
1565 1518 1647 1595 Deo
1673 1516 1727 1595 fa·

205 1654 208 1659 '
306 1645 512 1734 mulantur,
539 1674 609 1751 pro
630 1645 740 1722 nobis
761 1639 809 1723 ac
821 1648 927 1752 prole
951 1644 1083 1725 nostra¹
1091 1646 1150 1724 vel
1170 1646 1283 1722 etiam
1299 1673 1379 1749 pro·
1389 1646 1592 1723 stabilitate
1610 1648 1728 1733 totius
1819 1746 1824 1757 1

305 1774 453 1883 imperii
468 1776 707 1854 nostriaDeo
722 1775 833 1853 nobis
846 1778 1011 1855 concessi
1025 1794 1137 1884 atque
1153 1773 1408 1866 conservandi,
1418 1773 1726 1880 jugitchomini

303 1903 599 1991 inisericordiam
628 1918 779 1983 exorare
806 1905 980 1984 delectet.
1006 1907 1054 1983 Et
1075 1924 1120 1984 ut
1138 1907 1225 1981 hec,
1239 1902 1438 2011 auctoritas
1458 1906 1596 1983 nostris
1622 1905 1727 1983 futu-

303 2032 439 2145 risque.
453 2035 713 2145 temporibus,
728 2036 894 2121 Domino
914 2052 1151 2143 protegente,
1172 2033 1291 2110 valeat
1311 2033 1529 2110 inconvulsa
1550 2064 1722 2128 manere,

303 2166 589 2273 manupropria
604 2164 993 2257 subterfirmavimus,
1018 2184 1056 2242 et
1069 2163 1174 2242 anuli
1189 2163 1306 2240 nostri
1322 2162 1570 2268 impressione
1586 2165 1721 2273 signari

296 2314 490 2397 jussimus.

358 2440 544 2549 «Signum
563 2444 785 2535 Hunnovici,
808 2445 1034 2521 serenissimi
1057 2446 1305 2550 imperatoris.

358 2573 654 2663 «Hirminum,
685 2574 874 2666 notarius,
906 2575 954 2651 ad
987 2575 1105 2651 vicem
1138 2576 1308 2685 Hugonis

300 2700 458 2793 abbatis,
483 2704 680 2808 recognovi
705 2721 742 2780 et
764 2703 977 2810 subscripsi.

356 2833 477 2906 «Data
497 2831 583 2905 idus
603 2833 761 2937 augusti,
785 2861 884 2908 anno
902 2859 988 2909 xxn.
1009 2834 1158 2939 imperii
1176 2835 1307 2915 domni

299 2958 497 3033 llludovici
521 2959 676 3062 piissimi
706 2962 868 3067 augusti,
890 2961 1096 3039 indictione
1120 2971 1172 3041 x¹.

356 3086 517 3162 «Actum
538 3086 780 3194 Aquisgrani‚
802 3091 939 3196 palatio
953 3093 1068 3200 regio,
1091 3094 1130 3172 in
1149 3098 1218 3177 Dei
1237 3130 1307 3179 no-

301 3217 403 3293 mine
423 3215 592 3295 feliciter.
611 3217 745 3296 Amen.
770 3257 783 3286 ι»

972 3506 1047 3586 ΙΙΙ.

352 3684 498 3764 Eodem
518 3703 691 3794 tempore
711 3690 903 3794 predictus
922 3694 1031 3801 Hugo
1052 3695 1165 3774 abbas
1181 3703 1388 3782 condolens
1408 3706 1666 3787 infelicissime
1680 3729 1720 3788 et

299 3817 517 3893 miserrimae
542 3818 715 3896 divisioni
739 3837 776 3896 et
800 3821 1005 3900 discissioni
1025 3830 1248 3909 venerabilis
1268 3835 1470 3916 Sithiensis
1489 3838 1649 3919 coenobii
1669 3842 1717 3919 ab

203 3987 206 3991 ·
297 3945 451 4024 infando
466 3947 663 4057 Fridogiso
679 3934 819 4057 factaea
839 3950 981 4031 domno
996 3955 1184 4064 Folquino
1199 3978 1291 4040 tunc
1302 3967 1544 4045 Morinorum
1564 3999 1717 4049 venera-

295 4074 365 4152 bili
389 4079 551 4157 antistite
574 4080 1041 4187 unitatem'coenobiorum
1065 4090 1224 4195 pristino
1246 4123 1351 4173 more
1377 4096 1573 4175 reformari
1595 4100 1717 4207 impe·

295 4208 414 4284 travit.
436 4209 551 4302 Quod
575 4229 612 4287 et
636 4212 828 4319 privilegio
856 4213 997 4293 firmari
1019 4217 1118 4296 fecit.
1141 4223 1261 4330 Hujus
1286 4245 1412 4304 autem
1436 4229 1618 4337 privilegii
1641 4230 1715 4343 frop

298 4351 353 4410 est
372 4340 570 4444 exemplar.
1673 4350 1676 4355 Ι
1706 4366 1710 4377 ’

342 4558 465 4624 'Annus
482 4587 543 4627 xxii
555 4565 694 4629 Ludovici
710 4592 768 4632 non
782 4595 851 4637 cum
862 4577 976 4646 decima
1033 4579 1255 4666 chronologicae,
1275 4610 1339 4670 quae
1355 4612 1424 4651 cum
1442 4613 1520 4650 anno
1540 4611 1563 4651 11
1580 4586 1714 4673 Hugonis

298 4662 429 4727 sedtum
441 4666 554 4729 decimo
565 4671 646 4731 tertio
656 4671 813 4736 indictione
827 4686 975 4753 convenit:
1033 4682 1160 4763 abbatis,
1178 4689 1314 4773 superius
1334 4693 1497 4773 designato,
1518 4694 1627 4774 optime
1646 4714 1714 4759 con·

297 4766 370 4830 tides
389 4790 457 4831 vero
476 4770 641 4834 adhibendo
659 4775 772 4839 videtur
793 4783 881 4861 priori
902 4800 976 4849 notu
1030 4787 1138 4851 cordst.
1197 4808 1216 4829 ·’
