4478 5842
567 472 639 546 stt
915 474 1321 548 CHARTULARIUM
1347 474 1626 548 SITHIENSE.

563 613 803 721 Agrippinam
822 633 992 721 pergeret
1010 643 1079 719 pro
1094 614 1306 692 redditibus
1321 616 1479 706 nostris,
1495 616 1603 720 jussu
1619 615 1839 694 venerabilis
1861 617 1978 695 Simo·

563 744 621 818 nis
633 743 794 833 abbatis,
816 761 1026 820 sanctarum
1042 744 1285 849 reliquiarum
1303 743 1429 847 cupidi
1449 743 1730 849 conquisitoris,
1747 745 1870 823 missis
1889 774 1974 821 cum

563 900 608 948 eo
624 874 818 979 utriusque
838 891 954 950 status
970 874 1139 979 personis
1151 933 1160 959 ,
1171 872 1225 963 ¹de
1241 872 1398 979 collegio
1416 873 1593 950 undecim
1611 873 1775 949 millium
1790 874 1976 980 virginum

562 993 722 1107 quatuor
741 1002 818 1079 lere
845 1032 1018 1108 corpora,
1046 1033 1129 1079 cum
1151 1003 1288 1081 multis
1303 1003 1534 1081 diversorum
1555 1021 1766 1081 sanctorum
1787 1004 1972 1109 reliquiis,

563 1135 611 1208 ad
624 1163 692 1210 nos
709 1131 860 1220 detulit,
880 1151 916 1209 et
933 1134 981 1209 ad
997 1134 1265 1210 monasterium
1281 1161 1392 1210 suum
1405 1132 1597 1210 transferri
1612 1132 1712 1222 fecit;
1730 1151 1767 1210 et
1783 1135 1822 1209 in
1837 1133 1973 1210 feretro

566 1264 613 1337 de
633 1281 802 1370 argento,
823 1292 938 1368 cupro
960 1280 998 1339 et
1017 1263 1203 1368 lapidibus
1224 1262 1421 1340 cristaliuis
1437 1264 1575 1340 decoro
1592 1290 1705 1368 opere
1721 1263 1921 1340 fabrefacto
1938 1281 1975 1338 et
2073 1296 2081 1307 ’

568 1410 716 1481 ornato,
738 1423 823 1470 cum
847 1423 979 1501 magna
1005 1411 1109 1498 parte
1132 1395 1298 1498 corporis
1319 1394 1434 1469 sancti
1449 1395 1677 1497 protectoris
1707 1396 1826 1470 nostri
1849 1393 1976 1469 Audo-
2027 1394 2033 1405 ’

564 1525 675 1608 mari,
697 1541 734 1599 et
748 1509 965 1629 pigneribus
981 1541 1194 1598 sanctorum
1211 1522 1439 1599 Columbani
1456 1522 1599 1599 abbatis
1614 1540 1651 1598 et
1665 1523 1876 1611 Vualberti,
1898 1523 1974 1599 duo

565 1681 720 1755 corpora
737 1652 884 1727 illarum
899 1652 1084 1757 virginum
1104 1651 1288 1754 reposuit;
1304 1649 1448 1754 reliqua
1464 1651 1617 1758 pignera
1637 1679 1765 1727 earum
1781 1652 1820 1753 in
1836 1653 1973 1728 scrinio

563 1782 729 1856 eburneo
746 1779 957 1856 recondidit
971 1808 1056 1856 cum
1077 1779 1215 1885 gaudio
1236 1796 1273 1854 et
1290 1779 1486 1856 alacritate.

620 1911 792 1987 Casulam
812 1909 988 2000 rubeam,
1010 1908 1199 2017 aurifrigio
1219 1910 1362 2015 optime
1383 1907 1689 2014 circumligatam,
1712 1924 1749 1984 et
1767 1908 1878 1986 aliam
1897 1909 1972 1986 albi

566 2041 716 2128 coloris,
733 2042 819 2116 satis
835 2040 1036 2141 valentem,
1055 2057 1093 2116 et
1105 2054 1182 2115 tres
1196 2037 1254 2114 vel
1270 2038 1431 2143 amplius
1447 2066 1577 2143 cappas
1593 2038 1743 2127 sericas,
1761 2055 1798 2112 et
1818 2037 1974 2142 pallium

565 2173 727 2256 bonum,
750 2171 983 2256 inornatum,
1001 2186 1039 2244 et
1054 2171 1274 2247 thesaurum
1296 2169 1450 2246 ecclesie
1471 2167 1694 2274 comparavit
1714 2184 1751 2242 et
1768 2170 1944 2273 reposuit.

621 2301 716 2376 Ante
736 2317 882 2406 portam
898 2298 1113 2375 monasterii
1128 2300 1202 2388 sui,
1225 2299 1264 2373 in
1283 2304 1382 2374 terr'a
1400 2325 1513 2403 quam
1530 2327 1551 2372 a
1571 2299 1669 2373 Luca
1683 2297 1869 2402 burgense
1890 2298 1976 2403 plus

562 2460 674 2535 quam
686 2447 837 2524 centum
856 2429 989 2506 marcis
1003 2446 1159 2515 emerat,
1176 2427 1418 2505 fundamenta
1428 2427 1563 2504 domus
1582 2427 1730 2532 lapidee
1738 2426 1846 2530 jecit,
1862 2430 1975 2531 quani

562 2590 629 2637 suo
649 2562 849 2637 successori
871 2562 910 2636 in
934 2559 1077 2636 ultimis
1096 2559 1364 2665 perficiendam
1387 2558 1561 2635 dimisitt

515 2794 519 2801 Ι
618 2695 706 2768 Post
722 2693 811 2782 hec,
832 2691 1034 2775 ciborium,
1052 2691 1177 2797 quod,
1199 2690 1294 2766 sicut
1315 2688 1732 2793 supramemoravimus,
1750 2687 1842 2764 dum
1862 2685 1977 2762 abbas

563 2825 638 2895 Leo
659 2822 697 2894 in
715 2821 951 2925 expeditione
969 2820 1295 2898 Hierosolimitana
1316 2836 1431 2910 esset,
1451 2818 1703 2895 decrustatum
1720 2816 1811 2903 fuit,
1830 2816 1978 2921 cupreis

563 2950 787 3057 imaginibus
813 2951 1062 3054 superauratis
1089 2980 1221 3056 parum
1247 2949 1403 3025 minoris
1427 2949 1708 3053 pulcritudinis,
1731 2948 1800 3024 etsi
1820 2947 1976 3022 minoris

563 3078 695 3154 valoris
712 3108 825 3182 quam
846 3097 930 3154 ante
947 3097 1058 3164 esset,
1075 3080 1177 3155 idem
1193 3080 1306 3155 abbas
1325 3079 1523 3184 reparavit3
1545 3096 1688 3184 partem
1706 3092 1832 3153 tamen
1848 3105 1977 3181 sump-

567 3226 689 3297 tuum,
712 3208 927 3284 infirmitate
952 3225 1168 3312 preventus,
1190 3209 1392 3285 successori
1412 3208 1628 3284 solvendam
1652 3206 1816 3312 reliquit.

621 3339 722 3413 Fecit
736 3338 827 3413 item
843 3338 956 3414 abbas
967 3339 1052 3430 iste,
1065 3366 1109 3413 ex
1124 3338 1273 3414 australi
1286 3354 1390 3444 parte
1405 3338 1637 3425 monasterii,
1650 3337 1827 3412 vivarium
1842 3364 1975 3423 unum,

559 3470 662 3573 juxta
688 3470 793 3574 quod
810 3471 906 3545 viam
925 3499 1052 3546 versus
1068 3469 1198 3554 Atlas,
1221 3468 1330 3544 nobis
1353 3485 1390 3544 et
1410 3469 1533 3544 ordini
1555 3468 1689 3545 utilem
1715 3485 1752 3543 et
1772 3494 1979 3572 congruen-

566 3617 660 3686 tem,
687 3600 880 3704 acquisivit
905 3616 941 3675 et
968 3599 1140 3676 instituit.

1187 3870 1346 3945 XXHl.

807 4060 843 4097 DE
864 4058 1078 4099 suessentlottn
1098 4056 1203 4097 osswu
1225 4054 1393 4097 sanctonum
1415 4053 1502 4094 ttttttltt
1526 4054 1559 4092 ΕΤ
1580 4052 1726 4092 tomum.

324 4238 353 4290 3¹
378 4239 436 4291 '‘¹³¹³-
459 4242 538 4293 ¹¹⁸¹·
621 4242 744 4317 Pridie
759 4240 1001 4316 kalendarum
1009 4236 1108 4342 junii
1124 4236 1211 4310 anni
1227 4263 1338 4343 supra
1355 4231 1597 4309 millesimum
1614 4227 1861 4305 centesimum
1877 4243 1978 4303 octo·

563 4373 694 4478 gesimi
716 4371 847 4474 primi,
875 4371 977 4445 idem
1002 4367 1133 4443 Simon
1154 4364 1282 4453 abbas,
1309 4393 1395 4440 cum
1418 4363 1575 4439 honesta
1597 4359 1785 4446 comitiva,
1806 4357 1854 4432 ad
1875 4373 1979 4432 vetus

564 4501 831 4575 monasterium
852 4500 1052 4586 transiens,
1076 4494 1264 4572 transtulit
1290 4522 1370 4570 ossa
1394 4492 1591 4567 beatorum
1617 4489 1813 4565 martirum
1837 4484 1977 4563 Christi

608 4707 612 4732 ¹
637 4705 763 4769 'leneus
781 4714 935 4784 antequam
955 4701 1139 4783 perficeretur
1154 4702 1186 4758 in
1203 4699 1335 4779 expensis
1350 4707 1379 4754 et
1396 4693 1575 4775 sumptibus,
1592 4689 1762 4773 plusquam
1782 4688 1842 4749 360
1858 4687 1973 4747 mercis.

565 4813 598 4871 ln
615 4831 702 4889 ηιαιῃ.
723 4804 788 4865 cod,
824 4870 826 4875 1
