4388 5850
931 60 967 97 R

877 168 935 239 ,„

552 436 706 563 'rins
739 488 913 563 nnius.
935 533 982 545 -
1008 489 1257 579 ronounu
1281 489 1372 562 nie.
1402 493 1428 559 r.
1463 436 1466 443 ¹
1664 493 1710 561 sr

944 811 1056 886 XVI.

218 1006 223 1013 '
335 1013 411 1066 ouon
436 1013 535 1056 ruera
559 1012 639 1063 sur,
664 1013 696 1053 se
727 1010 863 1061 vrvrurr,
892 1010 1088 1063 anoursrerrr,
1120 1011 1154 1050 cr
1176 1010 1215 1051 nr
1238 1011 1327 1053 cerm
1350 1008 1546 1052 vvonounom
1570 1011 1668 1058 mers,

390 1100 395 1111 '
825 1112 860 1153 rr
877 1112 985 1155 seuero
1006 1111 1141 1154 winnoco
1150 1091 1167 1153 ¹.

348 1302 425 1377 Hec
456 1318 494 1376 et
525 1299 597 1376 alia
624 1297 923 1405 quamplurima,
960 1326 999 1375 se
1034 1298 1158 1376 adhuc
1190 1297 1357 1390 vivente,
1388 1299 1615 1376 monasterio
1641 1330 1709 1379 suo

167 1418 200 1503 .’
262 1430 442 1527 Jadauxit
471 1458 558 1508 cum
589 1429 733 1536 ingenti
764 1427 1020 1504 desudatione.
1054 1426 1175 1504 Multa
1203 1426 1315 1502 etiam
1342 1442 1544 1531 praeterea,
1573 1431 1708 1532 partim

292 1560 586 1664 praecedentium
605 1558 766 1644 incuria,
783 1556 919 1661 partim
938 1581 1091 1662 quoque
1114 1555 1293 1631 diuturna
1307 1572 1489 1632 vetustate
1510 1556 1705 1652 demolita,

291 1689 401 1766 nobis
430 1689 611 1764 hactenus
636 1701 791 1762 manent
817 1684 1017 1791 incognita.
1048 1681 1204 1760 Certum
1230 1700 1286 1760 est
1311 1701 1438 1761 autem
1467 1687 1573 1790 quod
1604 1691 1711 1766 omni

290 1818 370 1894 ritae
382 1845 457 1895 suae
468 1832 641 1922 tempore
656 1815 698 1892 in
713 1813 982 1920 preparatione
997 1813 1071 1890 loci
1086 1813 1157 1892 sibi
1172 1842 1192 1889 a
1207 1813 1372 1892 Domino
1385 1814 1513 1892 traditi
1526 1818 1717 1913 sudassets

290 1946 393 2022 unde
420 1973 490 2022 nec
510 1945 671 2035 abstitit,
694 1943 815 2022 donec
837 1944 969 2050 priscis
988 1939 1224 2021 monasteriis
1246 1943 1361 2051 regali
1384 1945 1603 2024 auctoritate
1619 1974 1718 2043 cont.

184 2116 188 2137 a
290 2075 455 2161 structis,
477 2073 668 2184 regalibus
687 2073 889 2181 privilegiis
909 2091 947 2151 et
965 2091 1152 2150 terrarum
1166 2072 1360 2178 opulentia
1374 2094 1585 2180 coequaret.
1605 2078 1709 2172 Quin

291 2204 402 2281 etiam
418 2222 456 2282 et
474 2204 546 2281 alia
562 2203 836 2281 monachorum
852 2201 1038 2296 coenobia,
1056 2232 1095 2281 se
1115 2203 1240 2312 adhuc
1251 2203 1408 2301 vivente,
1424 2207 1646 2295 construxit,
1665 2236 1708 2284 ex

291 2334 430 2440 quibus
444 2363 565 2411 unum
581 2351 637 2411 est
652 2333 756 2439 quod
769 2351 923 2412 vocatur
937 2333 1213 2426 Woromhold‚
1230 2334 1337 2440 quod
1351 2333 1507 2438 quidam
1521 2335 1576 2409 vir
1594 2336 1706 2425 dives,

291 2467 516 2542 Heremarus
528 2465 693 2557 nomine,
707 2464 832 2542 eidem
840 2465 921 2542 viro
929 2464 1001 2541 Dei
1014 2463 1254 2541 contradidit.
1266 2463 1425 2539 Sanctus
1434 2487 1522 2538 vero
1533 2463 1708 2542 Bertinus

288 2622 481 2672 servorum
496 2596 567 2673 Dei
588 2593 841 2699 multiplicare
860 2592 990 2668 volens
1011 2590 1242 2681 habitacula,
1259 2591 1332 2666 hoc
1346 2591 1471 2695 ipsum
1492 2591 1706 2670 coenobium

266 2710 269 2716 ’
286 2742 450 2830 quatuor
462 2725 561 2814 viris,
577 2723 679 2799 adse
695 2721 928 2797 aBritanniae
941 2718 1112 2824 partibus
1123 2717 1419 2810 advenientibus,
1433 2718 1482 2794 ad
1495 2739 1708 2801 construen-
1738 2740 1741 2744 “

286 2852 379 2929 dum
409 2853 695 2957 regendumque
730 2849 934 2953 commisit,
966 2842 1209 2941 Quadonoco'
1227 2847 1401 2924 videlicet
1433 2865 1472 2925 et
1499 2851 1705 2957 lngenoco,

285 2980 443 3058 Madoco
468 2962 670 3083 sanctoque
690 2978 909 3065 VVinnoco,
933 2992 977 3052 ut
994 2975 1090 3053 inibi
1109 2977 1366 3081 receptionem
1385 3002 1594 3082 pauperum
1618 3010 1707 3059 con.

283 3109 482 3200 struendo,
503 3108 697 3213 hospitum
709 3105 1074 3215 peregrinorumque
1090 3133 1218 3181 curam
1236 3122 1411 3213 gererent
1425 3134 1503 3184 non
1517 3109 1706 3187 modicam

285 3240 325 3315 in
357 3237 573 3315 necessariis
599 3235 909 3314 administrando.
945 3237 1035 3312 Post
1062 3235 1257 3312 decessum
1284 3262 1371 3313 vero
1403 3238 1705 3343 supradictorum

283 3369 399 3446 trium
413 3369 598 3459 virorum,
621 3366 844 3460 Quadonoci
862 3365 1038 3443 videlicet
1057 3382 1095 3442 et
1114 3366 1290 3475 ingenoci
1313 3383 1352 3443 et
1370 3367 1534 3455 Medoci,
1556 3388 1706 3447 sanctus

285 3499 475 3589 Bertinus,
498 3496 760 3575 conventiculo
787 3494 945 3574 fratrum
972 3495 1066 3572 inibi
1087 3489 1324 3604 degentium,
1344 3494 1500 3573 beatum
1520 3501 1705 3578 concessit

283 3657 439 3733 preesse
450 3629 709 3719 VVinnocum,
723 3625 810 3731 quia
821 3625 868 3703 de
880 3626 961 3735 ejus
969 3625 1042 3702 vita
1051 3642 1089 3702 et
1100 3625 1270 3703 moribus
1283 3652 1361 3703 non
1371 3623 1576 3717 dubitabat,
1590 3658 1702 3734 quem

284 3787 410 3835 secum
436 3757 482 3834 ab
506 3757 660 3835 infantia
683 3757 754 3834 sub
781 3756 971 3835 dominica
994 3756 1213 3836 monasterii
1237 3756 1339 3835 scola
1365 3755 1570 3834 nutrierat:
1598 3760 1703 3867 cujus

283 3872 395 3961 vitam
417 3904 454 3963 et
473 3887 643 3977 virtutes,
664 3887 729 3991 qui
754 3884 955 4009 diligenter
971 3887 1191 3997 investigare
1211 3888 1388 3980 voluerit,
1408 3888 1611 3994 aquodam
1635 3890 1704 3967 eli·-

284 4015 499 4123 gentissime
516 4016 778 4120 conscriptam,
794 4014 960 4091 invenire
975 4015 1077 4120 apud
1092 4044 1161 4095 nos
1176 4018 1326 4122 poterit.
1343 4018 1418 4095 Nos
1429 4019 1580 4097 interim
1597 4037 1701 4127 cepta

285 4170 556 4251 percurramus.

329 4327 337 4358 ¹
360 4327 403 4398 ct,
420 4329 523 4392 Joann.
537 4330 610 4414 Iper.
629 4329 752 4392 Chronic.
769 4329 822 4393 coi.
836 4333 907 4414 [173.
