4478 5842
556 501 629 579 [158
1056 504 1465 580 CHARTULARIUM

555 645 736 739 liudulfo,
752 649 816 752 qni
838 647 967 738 etiam,
986 665 1137 754 accepto
1153 648 1282 754 precio
1291 676 1317 725 n
1329 650 1542 737 monacbis,
1561 652 1667 728 dedit
1681 650 1756 731 iilis
1772 672 1973 732 consuetu-

554 778 682 854 dinem
704 779 829 855 molte
845 806 928 885 quae
949 778 1007 856 sui
1021 778 1120 886 juris
1137 795 1215 856 erat
1234 780 1273 855 in
1291 779 1461 885 predicto
1487 809 1629 860 manso.
1650 785 1698 860 Et
1711 784 1752 861 in
1764 783 1971 863 ›Maltevissa

554 907 737 984 decimam
760 934 873 1014 quam
895 937 937 985 ex
958 909 1172 1014 supradicto
1190 910 1268 986 viro
1290 928 1327 986 et
1345 938 1388 987 ex
1402 910 1645 989 alionomine
1657 910 1872 1002 Wiileimo‚
1889 913 1972 991 filio

551 1036 738 1125 walone,
755 1038 926 1131 tenebat,
946 1055 985 1116 et
998 1066 1118 1116 unum
1136 1039 1290 1116 bortum
1309 1057 1348 1117 et
1366 1040 1550 1118 decimam
1566 1043 1723 1120 culturas
1742 1045 1788 1121 de
1803 1047 1969 1122 Ramara.

552 1169 645 1245 Item
668 1170 707 1244 in
728 1171 860 1246 eadem
879 1170 966 1247 viila
979 1170 1176 1248 dimidiam
1188 1189 1299 1249 terre·
1312 1199 1543 1264 mansuram,
1558 1202 1672 1280 quam
1687 1193 1780 1252 tuno
1792 1179 1973 1282 temporis

551 1296 706 1404 quidam
727 1301 908 1394 rusticus,
932 1302 1088 1379 nomine
1110 1302 1274 1391 Ulricus,
1301 1303 1350 1379 de
1372 1301 1454 1383 ibo
1458 1304 1626 1398 tenebat,
1650 1306 1697 1383 ad
1721 1335 1835 1454 quam
1862 1307 1972 1384 etiam

551 1449 695 1536 septem
715 1461 819 1509 aeros
839 1430 996 1509 arabiles
1012 1433 1175 1522 addidit3
1192 1451 1309 1509 totam
1328 1434 1639 1571 quomtbtmm
1658 1464 1773 1542 quam
1792 1438 1832 1514 in
1855 1439 1973 1584 capite

553 1561 721 1691 ejusdem
740 1560 833 1638 viliae
854 1562 1028 1639 habebat.
1052 1559 1186 1637 Adhuc
1207 1563 1318 1638 etiam
1333 1561 1455 1670 juxta‘
1440 1534 1641 1678 &reum
1664 1584 1838 1645 nostrum
1858 1571 1898 1645 in
1915 1598 1974 1645 ea-

553 1662 743 1801 dempillu
754 1719 874 1767 uuum
888 1692 1060 1779 hortum,
1074 1719 1104 1768 sr
1094 1688 1257 1797 absque
1268 1690 1457 1770 calumum
1467 1692 1607 1773 babere
1620 1711 1764 1801 posset
1779 1725 1837 1773 sm
1848 1716 1972 1776 autem

552 1826 632 1897 noi!
640 1837 791 1928 posset,
812 1837 890 1897 tres
909 1844 1013 1897 acros
1029 1817 1216 1898 arabiles
1203 1839 1307 1927 Juxta
1328 1823 1493 1898 eundem
1508 1824 1663 1902 hortum
1680 1824 1797 1903 daret.
1815 1827 1941 1903 ltcm'
1933 1857 1971 1904 m

553 1952 672 2057 capite
684 1952 870 2058 p'raedictae
887 1950 1096 2036 Maitevillae
1112 1950 1158 2026 ab
1178 1948 1253 2029 issis
1268 1949 1444 2027 videlicet
1458 1968 1601 2057 septem
1619 1955 1891 2060 suprascriptis,
1909 1956 1974 2034 de-

553 2111 635 2157 cem
651 2111 750 2158 acras
764 2099 872 2160 terre
887 2112 1009 2189 usque
1025 2082 1073 2159 ad
1087 2081 1208 2173 uam,
1219 2110 1290 2188 pro
1306 2081 1549 2189 quadraginta
1562 2082 1694 2161 solidis
1710 2083 1970 2174 denariorum,

552 2213 592 2287 iu
612 2213 863 2290 hereditatem
879 2211 989 2290 nobis
1008 2211 1189 2290 vendidit.
1207 2213 1249 2289 Iu
1262 2210 1668 2318 Flamenviiquuoque
1689 2213 1767 2317 ipse
1782 2214 1973 2319 predictus

553 2344 663 2450 Hugo
681 2360 797 2419 totam
813 2343 972 2449 propriae
988 2372 1148 2419 carrucae
1170 2342 1372 2430 decimam,
1390 2369 1537 2418 necnon
1558 2360 1595 2418 et
1615 2343 1787 2419 omnium
1808 2344 1972 2421 virorum
2061 2327 2066 2337 .

554 2475 723 2578 ejusdem
744 2474 839 2551 villae
853 2475 901 2550 ad
921 2503 960 2551 se
980 2473 1272 2581 pertinentium,
1289 2491 1367 2549 tam
1381 2473 1666 2550 vernaculorum
1684 2502 1798 2580 quam
1814 2477 1974 2553 rustico·

553 2633 654 2697 rum,
672 2606 782 2682 nobis
801 2603 958 2682 tradidit
974 2633 1016 2681 ac
1032 2604 1194 2682 donavit.
1212 2606 1300 2682 Post
1319 2603 1513 2680 modicum
1529 2618 1680 2709 tempus
1697 2604 1874 2709 pretaxati
1894 2607 1974 2684 Hu-

553 2737 662 2842 gouis
683 2736 879 2823 dominus,
907 2735 1049 2814 scilicet
1073 2762 1183 2843 supra
1202 2752 1433 2813 memoratus
1457 2735 1664 2825 Rodulfus,
1687 2751 1725 2811 et
1750 2764 1845 2813 uxor
1872 2737 1971 2843 ejus,

552 2865 735 2944 vocabulo
755 2868 904 2968 Emma,
926 2893 967 2943 ac
981 2838 1052 2943 {ilii
1072 2893 1204 2944 eorum
1222 2864 1407 2943 Rodulius
1427 2882 1465 2942 et
1478 2863 1714 2953 Wilieimus,
1730 2865 1782 2942 'ad
1802 2883 1972 2943 nostrum

552 3014 736 3073 venerunt
755 2997 1044 3087 monasterium
1060 3024 1134 3074 una
1152 3023 1240 3074 cum
1257 2994 1430 3075 eisienit
1444 2996 1524 3104 ipse
1542 2998 1667 3104 Hugo,
1688 2996 1830 3102 rogavit
1849 3022 1912 3073 eos
1931 3014 1974 3072 ut

553 3128 688 3202 harum
702 3127 875 3203 omnium
890 3127 1182 3238 conventionum
1196 3127 1438 3204 donationem
1447 3126 1487 3202 in
1496 3136 1714 3232 perpetuam
1726 3125 1972 3203 hereditatem

555 3257 736 3347 facerent,
756 3273 794 3333 et
806 3281 931 3334 coram
946 3255 1052 3356 altari
1063 3254 1206 3334 Sanctae
1221 3255 1414 3337 Trinitatis
1427 3243 1504 3334 saiis
1514 3257 1689 3335 manibus
1705 3272 1843 3333 cartam
1855 3253 1975 3364 signa-

553 3405 656 3480 rent,
678 3404 716 3465 et
737 3388 917 3465 feceruut.
937 3388 1078 3465 Harum
1099 3387 1271 3465 omnium
1293 3388 1585 3465 conventionum
1602 3403 1716 3464 testes
1739 3386 1848 3464 multi
1867 3404 1972 3478 sunt;

554 3537 592 3596 et
613 3520 772 3599 maxime
796 3520 834 3596 hi
857 3520 921 3627 qui
943 3520 1079 3596 eodem
1107 3518 1170 3596 die
1196 3544 1274 3626 qno
1294 3520 1376 3627 ejus
1396 3546 1490 3624 puer
1509 3518 1717 3595 monachus
1742 3532 1800 3595 est
1819 3516 1974 3596 effectus

553 3651 817 3732 iuterfuerunt.
834 3651 972 3730 Coram
991 3650 1131 3758 quibus
1150 3649 1228 3756 ipse
1243 3650 1356 3728 etiam
1369 3648 1560 3757 predictus
1579 3650 1687 3754 Hugo
1704 3663 1842 3738 ,cartam
1858 3676 1973 3725 manu

553 3812 618 3859 sua
634 3783 812 3874 firmavit,
833 3781 978 3859 ibidem
998 3781 1131 3859 abbate
1151 3780 1327 3858 Rainerio
1348 3809 1435 3858 cum
1454 3780 1533 3858 suis
1553 3778 1747 3857 monachis
1761 3795 1914 3855 astante.

720 3964 845 4045 Signum
875 3964 1006 4026 Bonum
1034 3964 1072 4025 de
1097 3963 1263 4024 Wnrethna.
1294 3962 1419 4045 Signum
1449 3960 1581 4024 Vmonrs
1607 3961 1644 4023 de
1671 3959 1820 4021 Briothnr.
1848 3959 1973 4041 Signum

763 4066 936 4135 Wuununu,
963 4065 1017 4126 iiiii
1038 4066 1177 4127 Welonis.
1205 4065 1329 4147 Signum
1352 4065 1466 4133 Eunu,
1489 4060 1584 4125 uxoris
1605 4062 1725 4125 Rodulfi
1747 4062 1785 4123 de
1805 4061 1972 4123 Wercthna.

763 4169 889 4251 Signum
912 4169 1064 4237 nonum,
1089 4167 1143 4227 filii
1165 4190 1280 4250 eorum.¹
1302 4166 1428 4248 Signum
1447 4166 1621 4232 Wuusnur,
1641 4165 1734 4226 fratris
1755 4166 1829 4247 ejus.
1847 4164 1972 4245 Signum

762 4273 854 4356 ipsius
868 4271 1003 4332 Hueoms
1015 4270 1053 4331 de
1067 4269 1264 4331 Flsmeuvilla.
1285 4267 1408 4350 Signum
1427 4268 1593 4336 Rornsam,
1609 4267 1663 4328 filii
1676 4269 1748 4350 ejus.
1763 4266 1887 4347 Signum
1903 4265 1971 4327 Gis·
2025 4260 2028 4264 Δ

760 4394 898 4442 cunnum,
916 4371 970 4433 filii
989 4371 1130 4454 ejusdem.
1150 4369 1276 4454 Signum
1294 4371 1429 4432 Ronuuu
1450 4369 1486 4431 de
1505 4368 1668 4430 Wesnevel.
1692 4370 1733 4429 Ex
1753 4380 1850 4429 nostra
1871 4380 1971 4451 perte:

763 4479 880 4560 signum
896 4476 1034 4545 Brutum,
1049 4473 1186 4536 senescel.
1201 4472 1326 4555 Signum
1339 4471 1494 4540 Osuunm,
1510 4472 1657 4532 marescal.
1670 4470 1793 4553 Signum
1806 4470 1971 4538 Brennum,

763 4580 834 4640 coci.
849 4578 974 4659 Signum
995 4578 1159 4646 Arsraam,
1174 4576 1235 4637 omi
1245 4571 1265 4636 ¹,

598 4751 678 4812 ¹lstu
688 4710 1007 4830 churta,s1q)erioiibus
1016 4765 1134 4830 quoque
1142 4744 1236 4830 opitu·
1292 4755 1321 4805 et
1343 4720 1468 4805 Suireiae
1492 4743 1677 4833 gradus'quo
1700 4739 1821 4803 florebat
1840 4708 1972 4802 redditus

554 4855 694 4926 lantibus,
710 4853 789 4938 genti
801 4851 912 4936 potenti
927 4849 1069 4911 comitum
1080 4846 1235 4910 Werennre
1292 4855 1356 4908 est..
1371 4844 1429 4907 Hic
1453 4845 1533 4908 enim
1555 4846 1705 4907 invenitur
1726 4843 1869 4907 nodutus
1897 4843 1911 4903 l
1936 4840 1974 4904 de
