4478 5842
1286 292 1332 337 Λ

592 503 718 578 PARS
745 503 916 577 PRIMA.
931 546 979 558 —
993 502 1243 593 FOLQUINI
1268 502 1361 575 LIB.
1388 506 1435 575 ll.
1649 500 1719 572 125

303 643 351 718 rit
369 645 561 749 praesentis
575 645 668 722 vitae.
686 644 779 737 Sed,
797 662 999 750 antequam
1014 645 1190 751 incipiam
1209 643 1393 719 calamum
1408 640 1720 748 ponere,·horreo

302 775 463 851 tremula
482 775 540 851 vix
559 804 674 853 manu
696 777 894 883 attingere,
914 776 1110 881 quoniam,
1128 775 1345 879 posthunc,
1367 800 1480 850 nemo
1497 771 1720 848 clericorum

305 903 437 981 similis
455 906 630 983 successit
649 907 689 981 in
706 905 811 982 nulla
829 904 1015 994 bonitate3
1033 907 1072 981 in
1089 905 1169 1011 ipso
1185 931 1350 1012 namque
1365 904 1446 981 vitae
1465 901 1643 990 termino,
1663 927 1724 976 os·

304 1036 427 1112 tendit
442 1065 555 1143 quam
575 1035 820 1113 dilectionem
840 1052 1091 1112 conservasset
1105 1034 1274 1139 predicto
1295 1032 1392 1109 loco.
1409 1033 1601 1139 Denique,
1623 1054 1722 1106 anno

304 1166 569 1243 incarnationis
590 1166 1046 1256 commmemoravi„
1067 1165 1133 1270 qui
1154 1181 1233 1239 erat
1251 1193 1371 1241 annus
1386 1162 1518 1268 prelati
1534 1160 1631 1269 regis
1652 1162 1724 1236 Ka-

303 1287 376 1373 roli
391 1303 545 1376 xxxvu¹.
563 1313 602 1372 et
616 1295 763 1400 imperii
781 1295 950 1401 ejusdem
966 1322 1022 1386 rc,
1044 1294 1084 1370 in
1102 1295 1290 1372 Karisiaco
1309 1292 1422 1401 regali
1443 1291 1581 1397 palatio
1602 1292 1723 1368 isdem

303 1427 490 1533 gloriosus
500 1425 614 1502 abbas
633 1426 838 1503 Hilduinus
858 1424 1016 1502 decessit
1028 1454 1049 1500 a
1061 1426 1205 1514 seculo,
1224 1453 1322 1501 anno
1336 1422 1529 1531 regiminis
1543 1421 1603 1497 sui
1616 1426 1721 1510 311²„

304 1580 364 1634 vn.
378 1555 463 1632 idus
471 1555 583 1662 junii.
602 1555 748 1660 Corpus
759 1571 884 1632 autem
899 1554 995 1660 ejus,
1012 1554 1108 1630 sicut
1118 1571 1156 1629 et
1166 1554 1244 1658 ipse
1257 1553 1382 1628 vivens
1395 1551 1661 1657 postulaverat,
1677 1552 1724 1627 ad

303 1701 472 1762 sanctum
486 1685 681 1760 Bertinum
695 1701 753 1760 est
765 1684 998 1760 translatum.
1015 1684 1180 1762 Veniens
1194 1699 1322 1759 autem
1337 1681 1539 1774 Atrebatis,
1555 1681 1595 1756 in
1609 1683 1724 1760 sancti

301 1813 452 1890 Vedasti
472 1815 703 1890 monasterio
719 1842 794 1890 una
811 1814 1042 1919 pernoctavit
1056 1829 1181 1901 nocte,
1204 1829 1314 1919 atque
1330 1841 1450 1888 unum
1465 1811 1624 1916 pallium
1638 1813 1726 1888 satis

301 1943 619 2049 preciosissimum
645 1970 714 2045 pro
742 1943 809 2017 illo
831 1943 926 2016 inibi
956 1958 1012 2017 est
1041 1944 1183 2017 datum.
1214 1943 1386 2016 Tandem
1411 1942 1459 2017 ad
1487 1941 1613 2018 Sithiu
1642 1969 1727 2046 per-

303 2090 473 2160 ventum,
499 2071 586 2148 satis
604 2068 784 2146 luctuosis
816 2070 1060 2176 exequiarum
1091 2068 1321 2175 hejulatibus
1347 2070 1666 2163 concelebratum,
1686 2073 1724 2149 in

304 2201 458 2279 ecclesia
479 2200 595 2277 saneti
615 2199 775 2292 Bertini‚
796 2180 927 2275 contra
946 2199 1061 2275 sancti
1087 2197 1237 2275 Martini
1259 2197 1373 2274 altare
1394 2201 1649 2305 capitaneum,
1671 2220 1727 2280 est

303 2331 547 2409 tumulatum.
577 2330 716 2436 Atque,
745 2330 844 2406 inter
864 2345 995 2406 caetera
1017 2330 1190 2420 donaria,
1214 2328 1306 2405 huic
1331 2357 1434 2406 sacro
1457 2328 1541 2406 loco
1567 2331 1724 2436 pallium

304 2462 495 2570 quendam
510 2461 693 2537 concessit
707 2460 1041 2566 preciosissimum,
1060 2487 1289 2564 cappamque
1306 2459 1404 2535 nivei
1426 2458 1581 2551 coloris,
1597 2461 1725 2540 rubeis

302 2593 539 2670 intersertam
558 2591 754 2668 volucrum
779 2589 926 2697 figuris,
954 2591 1213 2696 cortinamque
1235 2590 1281 2665 de
1304 2589 1421 2694 pallio
1440 2591 1561 2695 pretio
1584 2592 1726 2669 rarissi-

302 2750 415 2799 mam.
434 2720 631 2800 Gloriosus
652 2736 779 2796 autem
799 2720 1003 2824 imperator
1016 2719 1192 2808 Karalus,
1214 2719 1330 2824 ipsius
1352 2718 1496 2797 abbatis
1515 2719 1633 2798 [idem
1654 2722 1727 2800 ob·

302 2855 553 2961 sequiumque
577 2879 850 2942 rememorans,
878 2851 1115 2959 privilegium
1145 2851 1340 2956 quoddam
1367 2850 1450 2958 ipso
1481 2868 1607 2929 sancto
1637 2853 1725 2934 loco

302 2983 501 3074 concessit3
525 2982 565 3057 in
589 3009 666 3088 quo
688 2981 964 3058 ordinationem
989 2980 1221 3072 monasterii,
1244 2981 1340 3057 sicut
1357 2981 1484 3060 vivens
1504 2984 1722 3089 expetierat,

300 3131 387 3222 post
413 3113 495 3222 ejus
514 3130 693 3201 mortem,
715 3112 816 3219 regia
836 3112 1073 3201 auctoritate,
1095 3111 1281 3217 disposuit
1299 3113 1338 3187 in
1355 3113 1457 3191 huno
1476 3116 1646 3192 modum.

853 3401 869 3423 ⁸
963 3388 1067 3466 LVI.

490 3590 683 3633 PRWILEGIUH
707 3588 812 3630 xanott
834 3586 1029 3630 tursnamnts
1050 3589 1088 3628 DE
1110 3585 1304 3630 DISPOEITIONE
1327 3586 1420 3630 flotus
1441 3567 1529 3630 locst

357 3765 427 3839 «ln
447 3765 601 3840 nomine
622 3781 754 3842 sanctae
767 3782 805 3842 et
823 3764 1026 3843 individua
1040 3765 1245 3842 Trinitatis.
1270 3766 1447 3857 Karolus,
1463 3767 1634 3874 ejusdem
1650 3771 1720 3847 Dei

301 3893 570 3998 omnipotentis
580 3894 847 3984 misericordia,
859 3896 1063 4000 imperator
1072 3913 1260 4003 augustus.
1272 3902 1286 3942 ⁸
1296 3896 1539 3991 Priscislocis,
1554 3901 1641 3977 etin
1655 3902 1720 3993 eis,

299 4052 370 4131 pro
388 4024 504 4101 totius
524 4023 688 4100 ecclesie
707 4041 838 4100 sanctae
853 4041 966 4114 statu,
983 4025 1066 4101 Deo
1080 4026 1345 4116 militantibus,
1364 4028 1529 4106 debitam
1546 4059 1674 4110 curam
1687 4054 1724 4113 et

302 4153 561 4230 defensionem
579 4155 853 4260 impendimus,
872 4154 1113 4261 profuturum
1129 4155 1240 4231 nobis
1256 4156 1304 4232 ad
1319 4175 1530 4263 presentem
1546 4161 1659 4239 vitam
1675 4164 1724 4242 le

300 4283 423 4362 liciter
435 4284 714 4392 transigendam
731 4300 769 4361 et
782 4283 963 4377 futuram,
980 4287 1062 4363 Deo
1078 4283 1303 4391 opitulante,
1322 4286 1543 4366 omnimodo
1557 4320 1634 4368 non
1652 4294 1723 4371 du·

344 4513 353 4544 ¹
372 4515 501 4597 legend.
517 4534 610 4577 xxvru
620 4562 628 4586 ‚
639 4527 673 4577 ut
680 4517 803 4578 videtur.
1054 4590 1057 4597 Ι
1080 4514 1091 4547 ⁸
1112 4517 1188 4580 Edit
1204 4518 1234 4578 in
1248 4518 1326 4580 Gall.
1335 4516 1425 4579 christ.
1435 4540 1494 4583 nov.
1507 4532 1578 4584 tom.
1593 4523 1648 4597 lll,
1659 4528 1720 4589 ins·

343 4613 354 4647 ¹
376 4614 452 4679 For't
468 4618 627 4707 legendum
647 4639 697 4679 xi:
716 4619 875 4680 Hilduinus
892 4620 982 4703 siqui·
1038 4631 1125 4680 trum
1137 4619 1191 4681 col.
1207 4641 1278 4691 110,
1289 4633 1318 4683 et
1328 4621 1427 4704 Script.
1441 4624 1545 4687 Fruar.
1559 4639 1628 4688 tom.
1639 4622 1723 4697 Vlll,
1838 4624 1841 4629 ’

300 4718 369 4782 dem
384 4720 514 4804 regimen
531 4721 698 4784 monasterii
713 4720 867 4784 sithiensis
883 4743 981 4785 snsce-
1038 4744 1104 4806 pag.
1122 4720 1192 4788 666.

300 4834 383 4906 perat
400 4844 437 4910 ¹9
448 4823 515 4908 jun.
532 4822 603 4888 666.
620 4824 687 4888 vid.
703 4846 783 4908 supr.
796 4847 822 4888 c.
839 4846 897 4888 xm.
1080 4820 1092 4856 ⁸
1112 4825 1220 4888 Omiss.
1235 4826 1351 4890 videtur
1359 4829 1390 4888 ri.

1508 4930 1554 4993 16.

1762 3794 1797 3830 ao
1809 3776 1868 3848 jun.
1882 3742 1946 3848 877.
