4478 5842
445 470 568 543 PARS
594 462 1309 544 TERTIh.—CONTINUATORES
1336 469 1559 543 SIMONIS.
1641 465 1713 541 sta

299 613 408 690 Nerei
427 629 465 688 et
483 610 658 703 Achillei,
680 640 753 718 que
769 611 913 691 ihide'm
931 608 1064 687 heatus
1078 627 1183 716 pater
1198 610 1406 687 Bertinusa
1422 612 1541 687 Roma
1560 607 1713 698 detulit,

213 774 216 780 ’
297 770 478 819 unacum
505 740 647 846 capillis
668 760 705 820 et
730 741 878 818 duobus
899 738 1045 819 ossibus
1072 757 1197 817 sancte
1219 740 1335 817 Marie
1356 739 1596 846 Magdalene,
1619 737 1715 815 etin

298 871 447 948 vasculo
468 869 654 958 eburneo,
677 898 832 976 operose
853 869 966 956 lacto,
988 869 1213 947 recondidit.
1233 852 1430 976 Philippus
1448 888 1592 957 tamen,
1614 867 1717 975 prior
1836 966 1840 975 Ι

301 1000 500 1077 Sithiensis
517 1001 685 1093 cenobii,
707 1000 810 1078 aliud
829 999 1037 1086 vasculum,
1064 999 1192 1076 subtili
1213 1018 1291 1077 arte
1317 1029 1514 1098 excusum,
1538 1000 1585 1077 de
1607 1027 1713 1090 auro,
1737 990 1784 1071 ’.ἶ
1828 980 1840 1024 “’

303 1148 457 1238 argento
478 1148 515 1207 et
534 1159 649 1236 cupro
671 1147 912 1238 superaurato
931 1128 1102 1206 fabricari
1121 1128 1220 1207 fecit.
1303 1111 1307 1117 ⁸

935 1420 1089 1497 XXIV.

525 1622 563 1660 DE
584 1621 690 1663 Tracta
711 1621 926 1664 raassnartottn
947 1620 1087 1663 conroms
1109 1619 1170 1661 AG11
1193 1619 1331 1662 rnssuus
1352 1619 1498 1672 romum.

360 1797 532 1904 Septimo
553 1799 639 1875 idus
653 1800 753 1906 junii
771 1799 858 1879 anni
880 1797 1208 1906 supramemorati,
1233 1816 1381 1875 sanctus
1397 1801 1549 1897 antistes
1568 1801 1723 1908 Folqui-
1761 1806 1848 1905 riun-
1867 1805 1946 1858 ¹¹⁸¹·

305 1956 392 2016 nus,
408 1930 527 2034 quiin
542 1929 700 2006 cenobio
712 1929 909 2019 sithiensi,
925 1928 1055 2005 multis
1066 1926 1266 2004 virtutibus
1279 1945 1317 2003 et
1327 1929 1521 2034 signorum
1536 1931 1725 2009 miraculis

307 2057 464 2146 clarens,
497 2088 652 2166 corpore
676 2048 848 2167 quiescit,
881 2088 900 2134 a
921 2058 1072 2136 duohus
1097 2056 1330 2163 presulibus,
1363 2058 1560 2136 Desiderio
1586 2063 1726 2140 scilicet

307 2186 512 2264 Morinensi
529 2205 566 2264 et
580 2190 691 2266 Petro
706 2187 929 2277 Telonensi,
952 2217 996 2265 ex
1011 2187 1125 2263 veteri
1141 2186 1297 2275 scrinio,
1315 2187 1355 2262 in
1372 2217 1482 2294 quoa
1503 2191 1643 2269 domno
1661 2194 1725 2270 ab·
1758 2234 1764 2245 ·

254 2301 256 2304 ⁴
307 2313 393 2391 bate
422 2317 642 2407 Lamberto,
671 2318 729 2396 sui
763 2318 956 2429 regiminis
985 2346 1083 2395 anno
1113 2317 1247 2405 tercie,
1274 2316 1492 2405 collocatus,
1516 2348 1584 2425 per
1610 2351 1727 2401 annos

308 2443 425 2523 ferme
440 2449 627 2556 octoginta
639 2466 800 2556 quatuor
807 2449 990 2555 jacuerat,
1004 2447 1122 2525 tercio
1134 2446 1369 2534 transfertur,
1386 2448 1475 2524 etin
1491 2477 1585 2526 nova
1600 2481 1726 2557 capsa,

290 2596 486 2685 ,precepto
514 2580 644 2656 domni
667 2579 832 2657 Simonis
857 2578 1000 2655 abbatis
1026 2577 1233 2654 honorifice
1253 2576 1469 2670 fabrefacta,
1495 2582 1725 2674 reconditur,

109 2766 112 2771 s
233 2815 236 2818 Δ
311 2734 408 2784 anno
423 2738 443 2783 a
457 2710 616 2786 transitu
628 2708 797 2815 ejusdem
809 2708 924 2784 saneti
939 2707 1100 2812 episcopi
1114 2707 1378 2784 trecentesimo
1392 2708 1581 2788 tricesimo
1592 2711 1727 2816 primo,

313 2866 399 2912 cum
418 2838 583 2941 primum
603 2838 791 2915 subterra
807 2838 999 2945 jacuisset,
1015 2864 1134 2944 usque
1151 2836 1199 2913 ad
1218 2865 1324 2915 suam
1344 2836 1607 2932 elevationem,
1625 2845 1731 2920 annis

312 2967 544 3074 septuaginta
563 2998 644 3057 sex,
661 2986 699 3045 et
713 2967 890 3075 inprime
905 2967 1043 3045 feretro
1062 2984 1215 3044 centum
1229 2968 1416 3076 sexaginta
1428 2970 1616 3076 quinque,
1633 2974 1731 3079 regi-

314 3098 425 3175 minis
440 3098 584 3176 ahbatis
600 3127 697 3175 anno
716 3109 764 3187 v⁰,
782 3096 987 3176 astantibus
1001 3095 1168 3205 preclare
1186 3096 1283 3174 same
1299 3097 1386 3175 viris
1407 3098 1574 3190 duobus,
1591 3102 1731 3179 scilicet

314 3228 638 3307 archidiaconibus
661 3229 911 3307 Taruanensis
938 3227 1112 3320 ecclesie,
1137 3227 1338 3305 Lamberto
1363 3246 1401 3305 et
1422 3230 1611 3321 Walter03
1642 3250 1726 3309 octo

313 3361 404 3434 item
418 3359 633 3450 abhatibus,
649 3361 792 3438 domno
806 3360 947 3436 scilicet
957 3359 1061 3436 Alexi
1075 3358 1274 3466 Brugensi,
1287 3358 1457 3436 Waltero
1473 3360 1704 3437 Alchiacensi
1718 3427 1726 3452 ,

312 3488 464 3566 Nicolao
493 3491 747 3581 Taruanensi,
776 3491 892 3566 sancti
919 3490 1099 3567 Johannis
1134 3487 1181 3563 de
1207 3488 1351 3578 Monte,
1384 3489 1493 3564 Petro
1520 3488 1723 3580 Andrensi,

209 3701 212 3705 ,
313 3617 512 3699 Willelmo
526 3622 721 3709 Hamensi,
743 3621 959 3699 Hermanno
980 3617 1028 3693 de
1049 3616 1313 3723 Aldenburgo,
1331 3608 1516 3693 Eierardo
1532 3617 1632 3697 Clari
1650 3620 1729 3697 Ma-

276 3831 284 3841 ,
314 3749 417 3842 risci,
439 3750 576 3858 Algero
594 3750 640 3826 de
661 3747 830 3854 Capella,
852 3765 891 3824 et
909 3748 991 3825 aliis
1014 3745 1145 3824 multis
1164 3744 1359 3853 utriusque
1380 3747 1524 3825 ordinis
1543 3752 1725 3854 personis.

314 3880 356 3954 ln
377 3878 489 3984 hujus
515 3878 641 3955 feretri
665 3877 792 3955 dextra
818 3894 922 3984 parte
948 3877 1003 3955 hii
1029 3904 1155 3953 versus
1174 3874 1397 3983 infrascripti
1422 3878 1639 3957 scribuntur
1661 3909 1728 3958 suo

319 4008 465 4084 ordine.

612 4191 662 4251 Hii
679 4188 800 4252 calicem
820 4191 921 4251 mortis
935 4209 988 4272 pro
1003 4187 1059 4250 vite
1074 4207 1151 4270 pane
1168 4185 1324 4256 biberunt,
1432 4176 1435 4181 ¹

612 4294 699 4357 Unde
718 4314 810 4363 msas,
824 4292 912 4354 violas
925 4305 955 4354 et
968 4290 1030 4353 lilia
1044 4311 1131 4352 earne
1147 4291 1288 4352 vicerunt.

612 4395 778 4480 Discipulos
792 4395 933 4465 humiles,
945 4396 1087 4478 patientes
1101 4405 1187 4476 atque
1205 4389 1344 4474 pudicos,

614 4498 756 4559 Emeritos
775 4496 920 4558 Dominus
934 4495 1062 4556 nimium
1077 4494 1218 4557 confortat
1231 4495 1349 4556 amieos.

445 4603 546 4663 Petrus
559 4600 666 4670 Roma,
682 4597 812 4661 Andreas
830 4599 934 4669 Aeaia,
948 4597 1097 4660 lohannes
1114 4596 1267 4681 Epheson,
1282 4596 1409 4661 Thomas
1424 4598 1527 4674 India,
1540 4600 1739 4669 Bartolomeus

405 4702 558 4773 Armenia,
574 4701 699 4766 lacobus
718 4700 914 4764 iherosolima.

1491 4897 1533 4962 lala
