4478 5842
612 487 731 561 PARS
768 487 938 560 PRIMA.
956 529 1007 542 —
1024 487 1269 576 FOLQUlNl
1297 488 1388 560 LIB.
1414 489 1440 558 l.
1685 491 1731 557 ot

371 631 555 737 «Signum
579 627 718 717 Davm,
743 628 812 705 filii
833 628 931 734 ejus,
950 627 1227 705 consentientis.

482 841 492 868 α
502 813 625 894 Signum
636 813 805 875 Guurannr.
816 812 940 894 Signum
949 813 1097 874 Hennam.
1109 811 1405 894 SignumVVmuaur.
1417 810 1542 893 Signum
1550 812 1732 874 Ennnnnnri.

565 916 689 999 Signum
704 918 774 976 item
788 916 968 976 Ennunsnrr.
980 915 1104 999 Signum
1117 915 1276 975 Euenum.
1294 915 1418 998 Signum
1437 915 1585 975 chrnrur.

355 1053 448 1133 uEgo,
462 1055 493 1114 in
505 1054 560 1114 Dei
573 1055 707 1122 nomine,
721 1051 926 1122 Gournnurus,
937 1053 1079 1134 indignus
1093 1053 1247 1123 diaconus,
1264 1054 1364 1135 scripsi
1378 1064 1407 1114 et
1418 1051 1607 1135 subscripsi.»

927 1361 1119 1435 XLVIII.

536 1585 572 1626 DE
591 1583 702 1626 LABORE
720 1584 850 1627 UUSDEU
869 1584 995 1625 oonnnm
1015 1584 1135 1626 ananus
1156 1584 1241 1625 ctttca
1259 1583 1368 1624 t'ttbntt
1388 1583 1502 1625 ARECAS.

363 1783 484 1889 Hujus
504 1801 630 1861 autem
663 1784 808 1862 abbatis
833 1784 1000 1862 Odlandi
1025 1783 1133 1861 labor
1160 1801 1198 1859 et
1221 1782 1407 1859 industria
1432 1782 1591 1858 maxime
1617 1785 1734 1861 enitet

309 1911 348 1988 in
371 1912 458 1991 villa
483 1944 566 2021 quae
588 1915 724 1992 dicitur
744 1914 897 2006 Arecas,
919 1944 1001 2023 quae
1022 1933 1102 1992 erat
1124 1942 1200 1991 una
1220 1913 1268 1989 de
1287 1912 1557 2018 principalibus
1575 1913 1731 1991 abbatia.

308 2042 505 2137 membris,
523 2074 636 2152 quam
652 2064 690 2123 et
704 2044 775 2123 sibi
791 2046 921 2143 sedem
937 2045 1080 2134 statuit,
1099 2043 1278 2147 omnique
1295 2041 1492 2119 nobilitate
1506 2042 1728 2121 nobilitavit.

306 2172 578 2283 Basilicamque
599 2177 693 2255 inibi
709 2177 909 2255 inhonore
930 2176 1046 2253 sancti
1061 2172 1214 2250 Martini
1235 2173 1457 2260 construxit,
1481 2173 1585 2279 cujus
1599 2173 1731 2280 templi
1849 2276 1852 2281 ³

306 2329 408 2379 nunc
422 2304 546 2383 solum
560 2305 805 2385 fundamenta
824 2304 1090 2381 tantummodo
1110 2332 1149 2380 se
1163 2301 1335 2408 praebent
1349 2300 1467 2378 oculis
1482 2301 1728 2391 intuentium,

306 2413 590 2541 constituitque,
610 2438 666 2513 uti
690 2437 730 2514 hi
751 2452 936 2512 testantur
960 2463 1124 2540 quorum
1148 2431 1410 2539 progenitores
1430 2447 1468 2507 et
1491 2458 1644 2508 avorum
1673 2433 1729 2508 avi

304 2560 343 2635 in
363 2566 609 2669 suprascripta
629 2565 716 2639 villa
730 2564 878 2640 lucrant
896 2563 1156 2654 mansionarii,
1177 2579 1220 2637 ut
1236 2560 1347 2650 inibi,
1365 2559 1642 2637 ebdomadibus
1655 2562 1730 2638 sin-

303 2690 417 2797 gulis,
433 2694 600 2799 quinque
615 2722 659 2767 ex
672 2693 787 2767 saneti
800 2693 944 2768 Bertini
960 2691 1207 2781 monasterio,
1223 2689 1459 2795 totidemque
1476 2715 1520 2765 ex
1531 2690 1648 2765 sancti
1660 2692 1730 2768 Au·

304 2820 467 2909 domari,
489 2821 537 2894 ad
562 2820 802 2895 serviendum
822 2820 988 2897 Domino
1014 2821 1285 2925 deputarentur
1304 2818 1491 2894 monachi.
1514 2817 1570 2893 lbi
1594 2821 1725 2912 etiam,

303 2947 408 3055 quod
423 2946 597 3024 mirabile
613 2947 750 3025 nostris
764 2949 946 3025 hactenus
954 2966 1186 3026 monstratur
1194 2948 1446 3052 temporibus,
1460 2947 1726 3028 molendinum

302 3078 392 3155 fecit
401 3077 548 3154 volvere
557 3077 663 3184 aquis
675 3092 983 3154 contramontem
994 3077 1247 3166 currentibus3
1259 3075 1528 3184 constituitque
1542 3094 1585 3154 ut
1598 3079 1727 3156 nullus

302 3207 502 3285 hominum
527 3207 793 3286 molendinum
820 3223 919 3285 extra
939 3205 1066 3285 locum
1087 3209 1166 3317 jam
1190 3208 1334 3285 dictum
1355 3225 1571 3285 construere
1596 3237 1727 3315 presu-

302 3356 442 3417 meret:
463 3338 569 3446 quod
589 3339 637 3416 ad
654 3338 857 3415 utilitatem
877 3339 1095 3415 monasterii
1115 3338 1241 3415 Sithiu
1257 3337 1304 3414 ad
1321 3354 1471 3443 tempus
1485 3336 1557 3414 fuit
1576 3366 1726 3416 conser-

302 3488 438 3548 vatum.
460 3469 580 3576 Hujus
604 3485 730 3546 autem
753 3466 898 3546 abbatis
920 3467 995 3545 tale
1017 3464 1137 3546 fertur
1157 3466 1270 3544 fuisse
1292 3466 1506 3575 ingenium,
1532 3485 1575 3543 ut
1598 3488 1725 3573 posset

302 3602 431 3679 audire
442 3601 596 3678 auribus
611 3628 687 3710 quo
703 3628 798 3708 aqua
814 3600 999 3679 deflueret
1012 3628 1080 3707 per
1092 3598 1230 3676 inscios
1244 3597 1486 3703 occultosque
1500 3613 1608 3673 terrae
1624 3627 1724 3676 mea-

300 3748 372 3808 tus.
391 3733 488 3810 Sunt
505 3747 542 3810 et
556 3731 628 3807 alia
644 3730 921 3838 quamplurima
938 3731 1054 3837 ipsius
1074 3730 1232 3808 laudum
1247 3729 1439 3836 preconia,
1457 3756 1539 3836 quae
1559 3728 1599 3803 in
1619 3755 1723 3806 secu-

300 3861 436 3938 larium
464 3877 658 3939 versantur
684 3889 767 3950 ora;
799 3888 881 3965 quae
910 3862 997 3938 ideo
1023 3861 1085 3936 hic
1111 3861 1339 3948 omittimus,
1367 3888 1417 3937 ne
1442 3858 1721 3971 negligentibus

301 3992 498 4069 videantur
517 3994 714 4096 superflua.

358 4122 622 4230 [Posteaquam
643 4118 841 4198 Odlandus
861 4117 974 4196 abbas
994 4120 1101 4196 annis
1122 4119 1239 4195 ferme
1255 4143 1391 4195 novem
1406 4143 1477 4193 sue
1491 4119 1639 4197 vixisset
1657 4121 1724 4195 ad-

302 4252 605 4346 ministrationis,
628 4251 729 4331 exuit
749 4249 922 4360 fragilem
949 4249 1068 4327 carnis
1088 4249 1285 4343 sarcinam,
1312 4248 1533 4327 redditurus
1552 4249 1720 4329 Creatori

300 4383 532 4462 talentorum
549 4384 746 4462 rationem.
764 4382 837 4460 Cui
851 4382 890 4459 in
905 4398 1076 4488 respectu
1092 4382 1277 4460 cenobiali
1289 4381 1465 4460 successit
1477 4381 1717 4472 Nantharius,

301 4516 415 4624 hujus
427 4517 591 4596 nominis
604 4511 819 4619 secundus]
