4478 5842
595 455 1254 548 prnsrarut.-rotoo1rt1
1278 457 1371 533 tro.
1398 462 1445 532 ιι.
1662 463 1729 536 ιιι
1775 424 1778 429 ’

311 602 423 693 chus,
450 599 572 678 tocius
593 598 683 678 cleri
702 617 742 679 et
763 599 897 706 populi
928 599 1099 705 optione,
1124 600 1313 679 abbatiam
1339 602 1544 709 regendam
1571 605 1735 710 suscepit

308 731 435 808 idibus
451 730 595 824 martii,
616 748 763 809 tantum
781 747 937 837 propter
959 759 1127 810 amorem
1149 749 1188 811 et
1201 732 1379 811 timorem
1394 731 1479 812 Dei.
1505 733 1594 810 Erat
1613 733 1732 812 isdem

309 859 548 955 Humlridus,
571 863 637 970 qui
656 862 769 944 beato
790 860 979 971 Folquino
1006 879 1232 942 successerat
1246 862 1286 941 in
1304 862 1538 973 episcopatu,
1551 862 1609 941 vir
1628 866 1733 943 omni

187 1098 194 1107 ἱ
308 992 476 1073 bonitate
495 1011 536 1080 ‚et
550 993 740 1072 sanctitate
759 991 931 1070 refertus.
963 993 1072 1070 Rexit
1094 1010 1219 1072 autern
1249 994 1348 1070 hanc
1372 994 1638 1072 tantummodo
1665 1024 1734 1102 per

307 1121 519 1203 Biennium.
535 1123 615 1202 Sub
629 1153 705 1232 quo
718 1123 873 1233 quidam
883 1123 1158 1233 Megenfridus,
1173 1138 1309 1232 apatre
1320 1123 1553 1204 Ruodwaldo
1567 1124 1750 1217 oblatus,.
1767 1126 1769 1131 ’

307 1252 470 1333 efficitur
494 1255 723 1346 monacbus;
750 1282 836 1333 cum
868 1281 944 1360 quo
970 1272 1009 1332 et
1032 1252 1311 1361 portiunculam
1333 1281 1408 1331 suae
1434 1255 1670 1361 proprietatis
1694 1256 1733 1331 in
1773 1356 1777 1363 ι

305 1411 403 1493 pago
430 1384 665 1476 Bononensi,
689 1383 730 1462 in
744 1382 829 1463 loco
845 1401 1087 1490 nuncupante
1108 1383 1474 1494 Diorwaldingatun,
1490 1384 1531 1462 id
1547 1401 1603 1463 est
1614 1383 1735 1464 buna·

305 1513 360 1591 ria
372 1541 438 1605 ιιι,
462 1531 505 1592 ut
522 1513 625 1591 lilius
643 1513 725 1621 ejus
741 1540 854 1618 supra
866 1530 1095 1591 memoratus
1116 1513 1287 1592 debitum
1303 1514 1553 1593 monasticum
1574 1515 1613 1592 in
1634 1515 1731 1593 victu

305 1644 515 1752 vestituque
540 1642 635 1721 inibi
665 1641 804 1720 habere
829 1641 997 1723 deberet.

977 1932 1064 2009 XL.
1193 1926 1199 1933 ’

677 2132 818 2176 mtbtrto
840 2133 990 2177 noowstnt
1012 2135 1049 2176 Μ
1071 2130 1364 2176 monwttntnotruu.

361 2334 431 2412 «ln
450 2333 601 2414 Christo
622 2331 766 2412 domno
785 2349 823 2410 et
840 2332 1046 2413 venerabili
1065 2331 1162 2440 patri
1184 2328 1403 2424 Humfrido,
1420 2332 1597 2441 episcopo
1617 2351 1730 2442 atque
1767 2367 1819 2425 sss
1836 2367 1874 2421 tn
1889 2370 1952 2425 aas.

304 2462 429 2544 abbati
441 2462 659 2544 monasterii
675 2462 792 2542 sancti
806 2463 917 2556 Petri,
932 2460 1116 2541 vocabulo
1129 2461 1268 2555 Sithiu,
1285 2479 1576 2571 sanctorumque
1587 2465 1731 2545 confes

303 2623 431 2675 sorum
452 2594 659 2675 Audomari
682 2611 795 2702 atque
814 2594 969 2672 Bertini.
992 2594 1089 2702 Ego,
1115 2593 1155 2701 in
1175 2590 1247 2670 Dei
1266 2592 1439 2684 nomine,
1459 2594 1727 2688 Roudwaldus,

303 2727 472 2817 traditor,
494 2753 563 2832 per
581 2723 680 2801 hanc
698 2723 874 2831 paginam
894 2722 1127 2825 traditionis,
1141 2722 1250 2800 trado
1274 2722 1323 2799 ad
1339 2722 1526 2829 prefatum
1543 2745 1731 2806 monaste-

302 2854 403 2934 rium
418 2855 535 2935 sancti
550 2852 652 2932 Petri
667 2850 945 2960 portiunculam
961 2852 1201 2959 proprietatis
1220 2880 1313 2935 meae
1327 2851 1368 2929 in
1387 2880 1483 2963 pago
1500 2854 1728 2947 bononensi,

302 2986 342 3063 in
355 2984 439 3064 loco
454 3000 697 3091 nuncupante
709 2981 1091 3091 Diorwaldingatum,
1111 3008 1225 3089 super
1244 2980 1486 3061 fluviolum¹.
1506 3046 1514 3062 .
1535 3045 1543 3062 .
1571 2983 1729 3066 bunaria

302 3142 353 3195 tn
374 3133 413 3195 et
431 3114 617 3222 mancipia
637 3140 711 3207 1111,
726 3141 771 3192 ea
790 3114 936 3191 ratione
951 3128 996 3189 ut
1009 3110 1116 3190 filius
1127 3139 1236 3189 meus
1255 3111 1729 3224 Megenlridus,qua1ndiu

302 3246 495 3338 advixerit,
520 3245 657 3351 inipso
678 3242 851 3323 coenobio
872 3239 1045 3321 debitum
1065 3242 1316 3321 monasticum
1336 3242 1375 3319 in
1394 3243 1494 3322 victu
1518 3246 1728 3356 vestituque

301 3375 464 3484 pleniter
478 3376 656 3483 optineat.
681 3377 749 3454 Est
766 3391 893 3453 autern
910 3373 1045 3481 petitio
1064 3401 1149 3450 mea
1162 3435 1171 3465 ,
1186 3389 1230 3450 ut
1243 3373 1361 3480 ipsam
1373 3392 1531 3467 terram,
1545 3381 1741 3483 quamdiu¹

301 3507 437 3600 vixero,
455 3506 502 3585 ad
516 3535 629 3585 usum
643 3503 892 3583 fructuarium
910 3503 1125 3581 censualem
1144 3520 1312 3592 teneam,
1329 3503 1477 3581 solvens
1493 3503 1564 3583 lal.
1583 3534 1729 3586 novem-

300 3634 378 3716 bris
402 3636 595 3716 monachis
613 3635 786 3743 jamdicti
809 3634 1027 3714 monasterii
1048 3633 1192 3743 argenti
1218 3633 1360 3713 solidos
1387 3658 1432 3725 113
1455 3634 1618 3743 ipsique,
1642 3658 1729 3744 post
1769 3657 1771 3663 ’

300 3794 430 3844 meum
446 3767 614 3860 obitum,
630 3766 789 3846 eandem
804 3783 944 3843 terram
957 3765 1007 3843 ad
1019 3765 1221 3843 utilitatem
1233 3765 1441 3871 propriam,
1456 3764 1536 3845 sine
1548 3767 1626 3846 ulla
1639 3797 1729 3849 con-

299 3896 500 3988 trarietate,
514 3897 708 4004 recipiant.
719 3896 759 3972 Si
769 3895 855 4002 quis
867 3922 974 3986 vero,
988 3897 1092 4002 quod
1101 3895 1274 3973 futurum
1288 3923 1367 3973 esse
1381 3923 1460 3974 non
1470 3898 1644 3992 credo,si
1655 3928 1725 4012 ego

300 4025 381 4133 ipse
408 4024 531 4133 (quod
551 4025 687 4130 obsiti)
709 4040 774 4102 aut
796 4020 899 4101 ullus
917 4022 965 4099 de
991 4020 1199 4102 heredibus
1222 4042 1285 4101 aut
1305 4026 1582 4132 proheredibus
1612 4031 1723 4123 meis,

300 4182 366 4234 seu
379 4153 561 4264 quislibet
574 4172 786 4247 extraneus,
801 4153 892 4232 huic
902 4152 1095 4232 traditioni
1106 4151 1358 4263 calumpniam
1372 4155 1557 4248 intulerit,
1575 4160 1727 4239 distrin-

298 4302 411 4394 gente
431 4283 539 4376 fisco,
568 4284 751 4363 librarum
775 4312 845 4364 xxx
863 4283 1054 4364 solutione
1074 4282 1278 4379 multotum
1303 4314 1373 4364 nec
1395 4285 1444 4366 sit
1462 4288 1567 4395 quod
1589 4293 1727 4399 repetit

300 4415 500 4511 evindicet,
518 4418 586 4496 sed
605 4418 684 4497 haec
697 4419 851 4499 traditio
876 4418 981 4500 omni
1002 4436 1174 4528 temporo
1193 4419 1302 4501 firma
1320 4394 1543 4530 permaneat
1557 4454 1643 4515 cum
1659 4431 1725 4509 sti-

299 4547 493 4657 pulatione
513 4549 682 4628 subnixa.

342 4790 349 4820 ¹
372 4792 490 4855 Vacuus
503 4804 546 4856 ost
559 4793 687 4855 nominis
696 4792 789 4856 locus.
