4478 5842
329 454 404 531 sto
672 454 1078 529 CHARTULARIUM
1111 453 1393 527 SITHIENSE.

201 695 209 709 ι
386 601 547 699 interea,
571 597 858 674 resurrectionis
883 595 1073 672 dominice
1098 622 1196 671 anno
1220 605 1262 672 1⁰
1289 594 1496 671 centesimo
1520 568 1746 704 sexagesimo
1808 612 1827 635 ⁸

265 718 268 722 Δ
328 724 465 817 tertio,
488 727 643 832 quidam
672 727 788 833 hujus
816 724 1112 831 congregationis
1139 750 1334 816 monacus,
1363 724 1425 803 oui
1445 752 1586 801 nomen
1609 725 1745 816 loscio,

253 838 257 848 ’
305 876 310 885 '
328 856 535 934 christifere
560 856 670 934 matri
694 857 860 933 multum
886 855 1042 932 devotus
1066 855 1105 930 in
1127 854 1215 943 vita,
1240 855 1280 930 in
1302 856 1374 931 hoc
1396 855 1556 932 cenobio
1576 854 1653 933 leto
1672 854 1746 931 linc

329 988 408 1062 dies
428 989 589 1071 vitesue
606 987 754 1078 clausit,
775 987 839 1092 qui
863 1003 1036 1061 mortuus
1052 986 1224 1061 inventus
1244 1003 1300 1062 est
1316 987 1459 1063 habens
1477 986 1516 1061 in
1540 986 1631 1063 facie
1646 1012 1747 1062 rosas

327 1119 494 1222 quinque
508 1116 668 1204 rosidas,
691 1135 734 1192 ut
748 1133 851 1222 patet
865 1116 1004 1223 legenti
1020 1115 1193 1223 paginam
1211 1114 1394 1192 miraculi.

1004 1426 1051 1497 X.

595 1644 631 1682 DE
653 1640 739 1680 ostro
764 1639 855 1681 DOMNl
879 1638 979 1679 nmms
1001 1638 1135 1686 ΛΒΒΑΤΙδ,
1159 1639 1193 1678 m
1215 1639 1283 1680 EJUS
1303 1640 1482 1681 sepserunt.

384 1840 573 1927 Tandem,
591 1836 658 1914 uhi
672 1855 823 1940 tempus
836 1834 1073 1912 mortalitatis
1089 1833 1261 1912 debitum
1275 1836 1443 1912 solvendi
1455 1838 1620 1927 advenit,
1635 1837 1748 1916 eccle·
1805 1874 1809 1885 ·

329 1970 482 2046 siasticis
497 1967 668 2044 munitus
684 1965 942 2055 sacramentis,
965 1964 1079 2041 abbas
1093 1966 1154 2068 pie
1174 1966 1443 2043 recordationis
1463 1967 1597 2044 infide
1619 1985 1744 2045 sancto

244 2173 247 2180 ,
328 2098 483 2175 ecclesie
499 2098 669 2203 migravit
684 2125 704 2171 a
719 2094 863 2185 seculo,
887 2121 1016 2169 mense
1027 2093 1216 2198 januario,
1235 2093 1349 2172 altera
1362 2066 1615 2174 conversionis
1629 2099 1745 2175 sancti

328 2228 433 2303 Pauli
455 2227 633 2334 apostoli,
662 2255 760 2303 anno
784 2225 1012 2331 sexagesimo
1037 2224 1166 2301 tercio.
1195 2224 1314 2331 Cujus
1336 2255 1490 2329 corpus,
1515 2228 1745 2305 vestimentis

328 2355 584 2433 monacalibus
604 2355 798 2443 indutum,
824 2352 956 2432 fratres
976 2352 1206 2458 sepelierunt
1226 2371 1310 2429 ante
1333 2353 1447 2430 altare
1473 2355 1598 2431 sacelli
1621 2361 1759 2434 sancte'

328 2488 463 2576 Mario,
484 2485 590 2591 quod
612 2484 707 2589 ipse,
732 2498 818 2589 post
840 2481 1114 2572 incensionem,
1137 2499 1404 2559 restauraverat
1427 2500 1464 2559 et
1489 2484 1743 2590 ampliaverat;
1769 2460 1776 2467 .

329 2632 366 2691 et
390 2645 476 2692 cum
496 2613 631 2690 baculo
651 2611 826 2719 pastorali
851 2610 1098 2699 addiderunt,
1124 2612 1172 2687 ad
1192 2612 1273 2718 ejus
1294 2612 1478 2690 sactorum
1502 2616 1743 2706 memoriam,

222 2832 232 2853 ᾖ
327 2745 530 2852 virgultum
554 2772 673 2820 unum
698 2743 821 2848 palme
847 2741 1112 2833 transmarine,
1141 2741 1264 2818 simile
1287 2740 1362 2819 illis
1385 2771 1460 2847 que
1483 2760 1681 2848 portantur
1704 2746 1743 2821 in

329 2875 390 2950 dic
413 2876 627 2950 Palmarum
654 2873 702 2948 ad
724 2871 1019 2977 processionem,
1046 2899 1121 2977 que
1148 2871 1227 2978 ipse
1247 2900 1375 2981 sepum
1397 2873 1535 2951 detulit
1556 2874 1596 2950 in
1618 2875 1743 2954 reditu

327 2990 472 3080 itineris
493 3003 831 3080 lherosolomitani.
850 3001 931 3080 Sub
952 3002 1071 3106 capite
1091 3003 1182 3078 item
1202 3031 1287 3095 suo,
1308 3003 1414 3108 quod
1427 3003 1649 3083 reclinatum
1671 3025 1741 3100 est,
1800 3018 1805 3028 ’

327 3134 366 3208 in
390 3162 500 3238 parvo
514 3132 597 3208 loco
615 3130 763 3237 lapideo
780 3131 1010 3235 scripserunt
1025 3162 1034 3208 z
1051 3156 1109 3208 uic
1123 3157 1233 3208 *sacer
1253 3157 1322 3208 ceo
1344 3158 1460 3228 ausas.
1483 3135 1525 3211 In
1541 3136 1611 3212 hac
1625 3136 1744 3212 forma

328 3291 397 3368 ego
420 3264 489 3339 hec
511 3260 678 3339 scribens
701 3258 860 3336 intuitus
884 3247 992 3346 sum,
1014 3275 1186 3364 tempore
1218 3261 1349 3337 domni
1377 3261 1557 3341 Anthonii
1582 3265 1741 3355 abbatis,

329 3422 435 3479 cum,
458 3392 537 3497 ejus
551 3391 682 3498 jussu,
703 3391 959 3496 pavimentum
980 3390 1138 3496 predicti
1162 3391 1287 3468 sacelli
1310 3393 1356 3468 ad
1378 3393 1617 3473 altitudinem
1637 3396 1745 3503 pedis

329 3524 548 3612 elevaretur,
564 3536 602 3596 et
615 3521 753 3628 gradus
763 3518 900 3625 lapidei
915 3537 1001 3597 ante
1017 3520 1132 3596 altare
1145 3521 1297 3613 fierent,
1309 3540 1507 3631 postquam
1517 3526 1558 3602 in
1571 3526 1744 3631 sepulcro

328 3653 435 3728 annis
460 3649 638 3727 trecentis
663 3649 906 3756 quadraginta
926 3651 1095 3756 quinque
1113 3651 1291 3757 jacuerat.
1321 3654 1369 3729 Ut
1397 3671 1522 3730 autem
1549 3656 1744 3732 inventum

326 3783 413 3870 fuit,
436 3782 488 3887 sic
503 3810 546 3857 ex
562 3781 707 3886 integro
726 3780 922 3857 dimissum
939 3799 1005 3856 est.
1032 3779 1102 3857 lllo
1114 3798 1286 3886 tempore
1301 3784 1413 3861 etiam
1429 3784 1578 3864 inventa
1590 3785 1746 3863 suerunt

328 3941 408 3990 ossa
429 3911 607 3988 abbatum
633 3910 824 3987 Lamberti
847 3929 883 3989 et
904 3911 1068 3989 Simonis
1087 3911 1128 3988 in
1148 3912 1226 3988 suis
1245 3915 1518 3993 monumentis:

382 4042 622 4148 Epitaphium
641 4041 779 4119 Leonis
799 4037 943 4117 abbatis
966 4055 1022 4117 est
1039 4040 1112 4118 tale
1131 4074 1139 4117 :

577 4262 675 4331 Virtus
697 4260 866 4343 sampsonis
882 4260 941 4320 mel
958 4262 1084 4342 sumpsit
1095 4263 1127 4320 in
1144 4283 1195 4323 ore
1213 4262 1332 4334 Leonis,
1403 4326 1409 4342 ‚

620 4361 707 4435 Quod
720 4384 780 4424 non
795 4384 812 4422 a
827 4363 954 4423 misterio
968 4383 1052 4444 posse
1066 4384 1163 4424 carere
1181 4366 1260 4434 scio;

579 4465 626 4526 Sic
645 4488 763 4549 quoque
781 4467 854 4527 dum
874 4467 999 4527 moritur
1014 4477 1113 4527 noster
1125 4466 1197 4537 Leo,
1216 4468 1275 4529 mel
1292 4472 1434 4552 reperitur

623 4566 693 4651 Ejus
707 4569 739 4628 in
757 4590 807 4631 ore
817 4572 935 4657 jacens,
952 4581 1039 4651 atque
1058 4590 1159 4651 sapore
1174 4569 1300 4652 placens.

580 4667 667 4735 Nam,
684 4669 708 4726 si
725 4671 887 4751 perpendas
902 4689 996 4730 mores
1012 4671 1100 4750 patris
1112 4681 1200 4752 atque
1215 4674 1376 4756 sequendas

622 4769 692 4851 Ejus
711 4772 830 4831 virtutes
843 4771 1003 4863 verbaque,
1018 4770 1105 4832 mella
1126 4783 1219 4853 putes.
