4478 5842
595 498 723 572 runs
749 496 1251 589 rmus-ronourvr
1276 500 1371 573 ms.
1398 504 1445 595 11.
1661 507 1730 577 109
1769 479 1771 483 ’

791 770 794 774 »
913 726 1135 802 XXXVII.

399 912 436 954 DE
459 909 696 960 nmrsonsrlottn
717 909 911 959 UOXASTBRH,
933 911 969 951 ΕΤ
990 910 1029 951 ΒΕ
1049 910 1149 952 tunso
1169 911 1241 954 essu
1264 911 1418 955 CUIUSDAM
1440 912 1643 954 clusensem.

366 1072 454 1151 Post
487 1073 712 1153 discriminis
742 1067 874 1174 prefati
899 1067 1182 1162 liberationem,
1217 1068 1348 1149 fratres
1375 1073 1545 1180 ejusdem
1573 1072 1733 1151 coenobii

309 1204 587 1294 convenientes,
618 1198 869 1280 communiter
887 1214 1137 1274 tractaverunt
1156 1213 1199 1275 ut
1211 1214 1307 1275 tecta
1328 1199 1568 1277 ecclesiarum
1591 1220 1735 1279 caetera-

307 1357 470 1439 rumque
490 1332 726 1410 officinarum
748 1326 912 1434 pleniter
931 1318 1162 1404 resarcirent.
1187 1327 1318 1420 Quod,
1339 1327 1435 1405 sicut
1456 1357 1603 1404 summa
1624 1330 1735 1405 devo-

307 1459 410 1537 tione
439 1478 495 1538 est
513 1462 751 1550 inchoatum,
768 1459 818 1533 ita
835 1455 1000 1534 velocius
1024 1484 1138 1562 quam
1168 1456 1380 1563 putabatur,
1408 1459 1490 1537 Deo
1513 1459 1731 1566 adjuvante,

306 1587 562 1692 pulcherrime
595 1606 650 1667 est
677 1585 915 1695 perfectum3
945 1584 1174 1692 ecclesiaque
1209 1587 1324 1663 sancti
1362 1588 1503 1665 Bertini
1538 1590 1733 1667 celerrime

308 1717 438 1808 extitit,
473 1720 570 1796 miro
597 1743 728 1824 opere,
756 1713 917 1821 plumbo
946 1731 1132 1820 cooperta.
1163 1714 1240 1792 Sed
1265 1733 1303 1793 et
1328 1717 1465 1795 turillae
1490 1718 1607 1825 ipsius
1631 1719 1733 1797 mirae

307 1847 576 1955 magnitudinis
593 1844 851 1953 mirabilisque
871 1843 1036 1938 fabricae,
1058 1845 1286 1925 studuerunt
1307 1847 1493 1926 edificare.
1513 1849 1630 1956 Cujus
1651 1849 1734 1928 lon-

305 1976 437 2084 gitudo
467 1978 702 2057 consistentis
734 1977 774 2052 in
809 1993 948 2053 terram
985 1976 1155 2082 aequabat
1192 1975 1429 2054 altitudinem
1460 1978 1636 2056 culminis
1673 2008 1733 2057 ec-

307 2104 426 2184 clesiae
454 2109 514 2187 eui
540 2107 875 2215 superponendum
909 2123 1010 2183 erat:
1027 2135 1098 2183 nec
1131 2106 1290 2198 mirum;
1320 2108 1473 2216 tristega
1504 2110 1606 2185 enim
1637 2110 1732 2215 [hoc

307 2254 364 2315 est
380 2238 628 2317 tricameratio
647 2237 782 2346 ipsius]
799 2237 923 2315 tribus
944 2237 1143 2316 ordinibus
1162 2237 1255 2314 faeta
1276 2252 1399 2330 erant,
1417 2254 1568 2344 excepta
1585 2268 1730 2316 summa

305 2365 527 2448 claxendice.
551 2369 678 2478 Itaque
699 2367 862 2447 ecclesie
882 2367 1121 2474 suppositum
1143 2396 1229 2445 cum
1245 2365 1475 2474 triumphale
1496 2384 1628 2444 sanctae
1646 2397 1731 2444 cru-

305 2498 357 2575 cis
388 2499 549 2607 desuper
582 2500 787 2609 erigeretur
820 2500 986 2607 signum,
1023 2528 1123 2577 unus
1154 2498 1360 2591 artificum,
1392 2498 1546 2575 nomine
1576 2500 1726 2590 Bertus,
1810 2511 1812 2515 ’
1886 2505 1891 2514 ’

304 2644 402 2705 stans
429 2630 608 2736 desuper,
640 2628 797 2735 arripuit
825 2627 1022 2716 malleum,
1050 2643 1089 2705 et
1115 2628 1219 2734 quasi
1243 2626 1541 2734 gratulabundus
1564 2655 1634 2730 pro
1664 2658 1729 2733 ap-

303 2759 552 2866 propinquata
577 2787 677 2865 pene
702 2756 1027 2836 consummatione
1056 2774 1134 2833 tam
1166 2757 1252 2834 miri
1286 2759 1428 2864 operis,
1462 2757 1578 2834 ictum
1613 2758 1728 2834 veluti

298 2886 480 2994 jactanter
500 2886 650 2996 longius
673 2888 819 2965 incaute
837 2886 945 2994 jecit,
972 2886 1063 2978 sed,
1093 2885 1244 2964 heheul
1265 2886 1456 2965 resiliente
1478 2904 1559 2965 rota
1578 2904 1616 2963 et
1639 2917 1730 2994 qua-

302 3017 441 3109 tiente,
466 3017 640 3094 vacillans
660 3015 899 3123 pedibusque
925 3015 1130 3109 lubricans,
1156 3015 1203 3094 de
1229 3033 1331 3094 tanta
1349 3016 1546 3095 altitudine
1571 3045 1730 3125 preceps

301 3164 401 3223 terra
410 3164 520 3225 tenus
528 3146 638 3224 venit.
655 3146 748 3238 Sed,
764 3145 906 3223 mirum
919 3146 1038 3239 dictu,
1052 3145 1262 3224 mirabilius
1276 3146 1433 3240 miratu,
1450 3145 1596 3225 nullam
1616 3146 1729 3225 lesio-

301 3306 390 3355 nem
416 3307 565 3384 passus,
594 3276 802 3385 quinetiam
824 3275 967 3354 risibile
993 3292 1032 3354 et
1056 3275 1256 3383 plausibile
1280 3305 1506 3383 responsum
1534 3306 1728 3356 accurren-

299 3407 419 3501 tibus,
446 3427 484 3487 et
514 3435 649 3515 aquam
671 3408 742 3486 sibi
772 3435 842 3514 pro
871 3405 1143 3497 refocillatione
1175 3407 1442 3498 offerentibus,
1475 3408 1555 3484 sine
1585 3407 1727 3486 doloris

300 3539 481 3616 anxietate
497 3536 670 3645 protulit,
701 3538 830 3615 dicens
850 3565 889 3614 se
906 3536 1049 3644 jugiter
1068 3536 1195 3643 potius
1218 3536 1313 3615 velle
1339 3537 1440 3613 sitim
1461 3537 1548 3613 vino
1574 3538 1727 3613 restrin-

300 3683 386 3775 gere
408 3698 521 3777 quam
544 3697 655 3776 aqua,
687 3696 756 3746 nee
786 3667 914 3746 oblato
942 3685 1033 3745 tunc
1062 3694 1171 3776 egere
1199 3667 1351 3773 limphae
1370 3664 1530 3775 liquore.
1556 3665 1727 3745 Artifices

301 3817 444 3890 autem,
466 3800 536 3876 hac
563 3799 610 3876 de
631 3828 757 3892 causa,
779 3800 923 3877 nedum
953 3799 1120 3877 dieamus
1141 3799 1311 3891 animati,
1332 3825 1462 3876 verum
1483 3812 1521 3874 et
1538 3794 1723 3888 roborati,

170 4000 176 4005 .
299 3928 517 4007 inchoatum
537 3955 633 4036 opus
657 3930 899 4036 expleverunt
920 3946 1131 4008 constantes
1156 3948 1193 4007 et
1217 3930 1303 4018 leti3
1326 3956 1396 4006 nec
1420 3927 1538 4006 extitit
1565 3926 1725 4005 dubium

300 4057 366 4136 alis
382 4058 693 4138 intercessionum
711 4058 812 4137 beati
833 4059 948 4166 patris
966 4059 1129 4151 Bertini,
1146 4061 1205 4137 cui
1219 4059 1381 4149 servivit,
1404 4059 1508 4136 hunc
1526 4058 1638 4136 fuisse
1661 4058 1726 4135 de-

300 4204 500 4293 portatum.

894 4348 1139 4428 XXXVIII.

774 4534 811 4575 DE
834 4532 931 4577 noste
952 4534 1100 4576 sottum
1122 4531 1252 4575 Aesaris.

354 4693 481 4800 Igitur,
503 4694 562 4773 his
578 4692 744 4801 expletis,
762 4723 862 4774 anno
875 4694 1073 4773 dominicae
1085 4689 1471 4781 nativitatisnccouxl„
1487 4688 1633 4767 abbatia
1642 4691 1721 4796 jam

299 4821 398 4903 dicto
424 4825 574 4933 Hugoni
600 4825 737 4920 ablata,
761 4827 898 4906 iterum
917 4824 1105 4905 Adalardo
1127 4842 1185 4906 est
1200 4822 1348 4903 reddita
1367 4848 1441 4903 vm.
1464 4819 1535 4898 kal.
1557 4817 1719 4924 augusti,
