4478 5842
245 502 248 507 ·
318 480 392 550 270
671 478 1080 553 CHARTULARIUM
1106 480 1407 553 Slrfllnnsn.

215 634 221 647 '
317 637 446 698 utrum
465 646 595 695 verum
617 637 713 697 esset
735 621 840 727 quod
864 621 1067 698 audierunt
1088 623 1134 698 de
1155 622 1389 729 subjectione
1416 649 1574 699 suorum
1598 622 1743 728 sueque

315 750 481 828 ecclesie.
507 750 622 843 Quod
641 749 745 855 prius
766 751 984 857 denegans,
999 769 1235 857 postremum
1257 780 1396 829 rerum·
1412 752 1586 844 asseruit,
1611 752 1678 831 sed
1700 780 1742 829 se

316 881 356 957 id
372 883 651 973 destructurum
671 883 911 958 sacramentis
931 882 1115 987 promisit.

908 1209 913 1219 ι
961 1164 1117 1237 LXIII.

341 1438 343 1442 »
371 1377 448 1455 Hac¹
465 1373 713 1480 promissione
739 1375 906 1451 monacis
932 1377 1141 1480 suspensis,
1164 1376 1316 1457 interim
1336 1376 1537 1482 parabatur
1561 1375 1743 1483 prosectis

312 1496 362 1583 ad
380 1534 514 1613 papam
533 1506 730 1594 Iohannis,
749 1505 914 1612 episcopi
934 1504 1089 1583 ecclesie
1105 1507 1347 1598 Morinensis‚
1369 1537 1456 1585 cum
1471 1536 1549 1614 quo
1569 1535 1610 1587 se
1629 1506 1743 1589 abbas

311 1635 570 1744 profecturum
589 1636 758 1713 asseruit.
778 1636 854 1713 Sed
868 1636 923 1711 illi
940 1637 1100 1719 scientes
1118 1637 1174 1714 nil
1187 1665 1268 1716 esse
1284 1638 1389 1744 quod
1399 1638 1665 1742 pretendebat,
1688 1639 1745 1714 in-

312 1769 547 1846 terdixerunt
561 1768 595 1843 ei
611 1766 845 1846 tumultuose
861 1796 909 1844 ne
925 1769 1008 1847 iret.
1023 1767 1216 1847 Profectus
1233 1786 1429 1847 esttamen
1451 1798 1537 1846 cum
1551 1769 1739 1876 episcopo,

313 1901 533 1986 Monacum,
550 1925 666 2004 quem
686 1926 816 1975 secum
836 1899 1051 2005 assumpsit,
1073 1899 1290 2006 inquadam
1305 1899 1612 1989 Cluniacensium
1626 1897 1740 1989 cella,

311 2028 383 2106 sub
402 2027 570 2105 custodia
585 2027 749 2105 inclusit.
773 2030 854 2133 Ipse
870 2055 957 2107 vero
980 2029 1152 2109 Cluniaci
1177 2031 1372 2121 remansit,
1394 2028 1670 2134 professionem
1696 2025 1745 2105 le

313 2160 378 2249 cit,
407 2157 581 2236 ordinem
610 2158 753 2237 didicit.
780 2160 987 2265 Episcopus
1008 2187 1130 2264 usque
1151 2162 1309 2238 Romam
1329 2161 1509 2265 pervenit.
1533 2160 1637 2253 Quo,
1661 2186 1746 2263 per·

312 2288 409 2366 lecto
425 2289 595 2395 negoti0,
617 2319 637 2365 a
653 2292 771 2366 Roma
786 2292 1025 2381 Taruennam
1041 2289 1121 2366 sine
1141 2288 1275 2366 abbate
1287 2290 1489 2378 redeunte,
1506 2289 1674 2367 seniores
1693 2318 1744 2366 su·

315 2421 432 2497 nioris
446 2420 610 2510 consilii,
629 2419 710 2496 aliis
727 2419 956 2508 dicentibus,
976 2420 1185 2497 «Nolumus
1201 2420 1302 2497 hunc
1322 2445 1476 2526 regnare
1498 2446 1612 2523 super
1628 2447 1714 2507 nos,
1731 2457 1743 2488 ι

315 2550 542 2658 legationem
570 2568 656 2657 post
681 2578 771 2645 eum
801 2551 1004 2641 miserunt,
1037 2550 1236 2629 dicentes:
1264 2552 1486 2626 «Reuertere
1512 2549 1553 2625 in
1584 2534 1761 2626 domum⁵

315 2698 432 2760 tuam.
449 2720 461 2751 u
483 2682 568 2774 Quo
589 2700 790 2772 renuente,
813 2681 983 2759 secundo
1002 2681 1189 2757 miserunt
1207 2696 1246 2756 et
1259 2679 1501 2756 reduxerunt.

948 2928 1100 3048 cxiv.

376 3173 549 3250 Venienti
576 3202 661 3278 pars
683 3190 887 3269 conventus
907 3174 1067 3250 inaximo
1089 3172 1255 3250 debitam
1278 3176 1524 3253 reverentiam
1544 3175 1749 3254 noluerunt

320 3302 513 3394 exhibere;
535 3304 642 3409 pauci
664 3321 792 3380 tamen
813 3303 847 3380 ei
873 3303 1021 3381 obviam
1043 3302 1177 3423 exiere
1204 3304 1247 3379 In
1273 3306 1432 3382 crastino
1454 3333 1548 3396 eum
1567 3333 1749 3386 convene·

320 3451 472 3524 runt,s1
463 3433 678 3540 professus
694 3452 791 3511 esset
805 3404 987 3554 Cluniaci.
1005 3432 1075 3510 Illo
1067 3416 1213 3579 neipre
1229 3450 1389 3552 negante
1405 3462 1528 3547 neque
1547 3454 1747 3548 asserente,

319 3566 471 3673 publice
492 3566 668 3658 dixerunt
682 3592 722 3642 se
743 3564 799 3641 illi
817 3563 920 3642 nolle
941 3565 1113 3656 obedire,
1136 3563 1209 3642 nisi
1223 3574 1377 3670 negaret
1392 3583 1457 3642 aut
1475 3583 1665 3644 assereret.
1681 3565 1749 3643 Ille

320 3713 448 3773 autem
458 3694 504 3772 ab
519 3695 731 3840 aspectibus
745 3722 784 3772 sc
800 3695 1025 3800 subripiens,
1038 3694 1133 3771 clam
1150 3695 1359 3771 convocatis
1375 3694 1560 3773 militibus
1574 3696 1654 3773 suis
1663 3722 1750 3773 cum

321 3827 470 3936 gladiis,
499 3826 574 3904 illis
594 3854 639 3902 ex
658 3826 861 3931 improviso
884 3825 1115 3963 supervenit,
1142 3824 1305 3955 rebelles
1333 3827 1447 3932 cepit,
1470 3844 1508 3904 et
1533 3827 1573 3903 in
1595 3826 1750 3905 diversis

323 3952 488 4036 ecclesiis
504 3958 695 4063 dispersos
710 3955 872 4034 inclusit
955 4054 958 4059 ¹

953 4212 1125 4296 cxv.
1197 4226 1213 4246 ··

379 4403 647 4503 Cluniacenses
661 4433 748 4483 vero
762 4406 808 4482 de
824 4403 980 4491 diversis
990 4385 1299 4483 Cluniacensium
1312 4405 1620 4499 monasteriis-ex
1633 4405 1753 4487 licen*

320 4552 373 4611 tra
381 4561 443 4641 pre
457 4561 639 4617 memorre
648 4534 817 4643 llugonrs
827 4534 988 4627 abbatis
1009 4533 1237 4626 introduxit,
1248 4561 1347 4613 anno
1369 4535 1591 4625 dominice
1581 4565 1754 4617 incarna-

321 4664 436 4747 tionis
456 4662 663 4757 millesimo
680 4666 893 4746 centesimo
889 4666 1047 4811 primo
1053 4649 1212 4769 Quibus
1224 4662 1481 4763 introductis
1471 4686 1510 4746 et
1531 4667 1766 4778 regulariter¹

324 4797 444 4875 vivere
460 4796 743 4905 incipientibus,
759 4797 905 4877 residui
922 4758 1272 4923 quiremanserant
1267 4795 1405 4895 adeo
1376 4825 1540 4906 rigorem
1553 4797 1753 4906 discipline
