4478 5842
311 568 328 611 ε
676 482 700 509 ‘⁸
883 537 1162 614 uersuum.

311 686 508 789 Frequana
528 696 634 777 octo;
655 680 695 757 in
716 679 978 760 Godollassem
1002 683 1116 773 duos3
1137 684 1177 761 in
1193 682 1385 761 Herebath
1401 683 1518 778 duos3
1534 686 1573 761 in
1593 684 1741 765 Casello

312 811 536 904 duodecim,
558 811 598 886 in
620 809 1025 920 Gesoldesdorphse13
1048 813 1088 891 in
1113 813 1278 891 Prodaca
1297 843 1418 892 unum
1439 844 1613 894 mansum
1635 833 1673 894 et
1691 817 1745 892 vi-

313 972 422 1022 neam
439 942 724 1050 superpositam.
740 944 897 1050 Insuper
917 943 1035 1021 eciam
1057 945 1300 1022 concedimus
1318 945 1461 1024 eisdem
1484 946 1679 1039 fratribus,
1699 964 1745 1025 ut

313 1077 490 1182 deinceps
504 1074 625 1152 libero
647 1073 818 1163 arbitrio,
834 1074 943 1151 firma
956 1104 1047 1182 pace
1068 1094 1106 1153 et
1124 1078 1252 1183 quiete
1268 1078 1511 1184 perfruantur
1525 1078 1705 1185 quitquid
1723 1107 1745 1155 a

312 1206 492 1285 fidelibus
508 1205 647 1284 Christi
664 1206 981 1312 supranominatis
995 1200 1179 1284 traditum
1200 1225 1256 1285 est
1276 1209 1428 1298 sanctis,
1455 1227 1493 1286 et
1512 1238 1744 1318 quocunque

312 1357 499 1417 terrarum
526 1338 632 1446 regni
655 1339 774 1415 nostri
801 1338 979 1417 homines
1003 1340 1157 1417 illorum
1182 1370 1251 1446 pro
1278 1343 1498 1421 necessitate
1518 1371 1584 1419 sua
1604 1340 1746 1419 luerint

312 1470 536 1558 transmissi,
557 1497 744 1576 nusquam
757 1468 938 1547 theloneo
954 1471 1267 1577 constringantur,
1289 1501 1359 1550 nec
1381 1473 1478 1551 illud
1494 1472 1707 1581 persolvere
1725 1501 1747 1549 a

314 1630 508 1710 quoquam
529 1617 721 1708 cogantur.
738 1601 786 1676 Et
810 1617 853 1678 ut
877 1601 948 1678 hec
966 1619 1094 1678 nostre
1120 1602 1414 1681 confirmationis
1436 1605 1511 1683 sive
1538 1602 1747 1683 concessio·

314 1735 372 1810 nis
405 1732 605 1810 auctoritas
636 1730 781 1810 stabilis
809 1749 848 1809 et
879 1731 1098 1810 inconvulsa
1128 1751 1362 1840 permaneat,
1392 1736 1490 1813 hanc
1516 1736 1635 1814 nostri
1662 1763 1749 1842 pre-

315 1863 412 1970 cepti
446 1862 621 1969 paginam
651 1889 769 1940 manu
797 1863 948 1968 propria
978 1863 1218 1952 roborantes,
1256 1863 1380 1970 sigillo
1414 1881 1543 1942 nostro
1578 1844 1773 1970 imprimi·⁴

95 2032 116 2065 a
310 1995 502 2101 jussimus.

489 2178 615 2261 Signum
630 2178 733 2240 domni
749 2180 894 2250 Heumer,
910 2180 1093 2264 invictissimi
1107 2178 1310 2241 Romanorum
1323 2160 1508 2263 imperatorii
1525 2182 1651 2262 augusti.
1703 2175 1706 2183 ’

371 2351 466 2428 Data
485 2367 619 2456 quarto
639 2350 817 2430 kalendas
838 2349 1066 2445 decembris,
1088 2350 1295 2429 indictione
1315 2367 1448 2457 quarta
1466 2350 1631 2439 decima,
1648 2379 1747 2432 anno
1865 2407 1867 2410 -

317 2482 506 2561 dominice
527 2482 791 2561 incarnationis
811 2510 917 2576 uxv„
933 2510 1033 2560 anno
1047 2512 1135 2561 vero
1156 2481 1288 2560 domni
1305 2482 1458 2579 Henrici
1471 2481 1660 2590 regnantis
1674 2509 1746 2573 tut,

317 2612 467 2720 imperii
486 2630 613 2691 autem
633 2615 812 2692 secundo.

373 2743 510 2820 Actum
529 2746 769 2852 Noviomago.

874 2971 876 2976 -
999 2923 1075 2998 111.

618 3111 655 3152 ott
678 3108 747 3151 HN!
768 3109 889 3151 HsslllthI
912 3109 1119 3160 turnuatonts,
1142 3111 1177 3150 et·
1199 3109 1320 3153 tenetls
1341 3106 1454 3152 nosset.

304 3350 307 3367 ,
377 3271 510 3350 Annus
524 3269 654 3350 salutis
670 3269 870 3348 christiane
885 3285 966 3346 erat
984 3283 1111 3356 uxum,
1128 3268 1282 3373 quando
1295 3267 1502 3373 imperator
1513 3264 1755 3374 prenomina-

320 3423 382 3483 tus
409 3401 595 3483 Henricus
618 3400 778 3479 feliciter
804 3400 975 3508 migravit
1003 3400 1053 3476 ad
1078 3398 1284 3477 Christum.
1317 3399 1404 3492 Quo
1432 3398 1525 3476 item
1546 3424 1663 3490 anno,
1690 3397 1753 3475 die

322 3535 463 3615 mensis
489 3534 705 3613 novembris
727 3548 814 3626 uxr,
840 3531 1076 3620 Heinfridus,
1107 3546 1235 3607 noster
1257 3529 1388 3621 abbas,
1416 3529 1549 3608 mortis
1579 3528 1754 3607 debitum

322 3667 448 3755 solvit,
463 3666 526 3744 cui
545 3694 675 3742 rerum
695 3681 821 3770 parcat
838 3662 984 3769 Opilex.
1005 3661 1211 3738 Fulbertus
1225 3661 1464 3740 Carnotensis
1480 3677 1518 3737 et
1532 3660 1756 3741 Heribettus

324 3796 562 3876 Coloniensis
573 3811 666 3871 tunc
675 3793 858 3899 temporis
869 3792 1082 3870 floruerunt
1096 3790 1282 3899 presules,
1293 3821 1458 3898 quorum
1472 3790 1576 3898 prior
1590 3790 1639 3866 ad
1653 3817 1756 3867 sacre

326 3928 454 4008 matris
478 3925 594 4005 Maria
622 3925 775 4003 laudem
809 3924 1048 4031 responsoria
1078 3926 1162 4015 ista,
1187 3925 1292 4001 solem
1315 3926 1479 4030 justicie,
1511 3929 1613 4025 stirps
1641 3920 1753 4008 Jesse,

327 4058 464 4150 edidit,
485 4084 634 4134 necnon
653 4056 736 4133 alia.
755 4052 860 4132 Alter
878 4054 910 4132 is
925 4072 982 4132 est
997 4055 1062 4162 qui
1083 4053 1241 4131 absolvit
1254 4054 1503 4159 tripudiantes
1527 4078 1595 4158 per
1614 4078 1758 4127 annum

328 4224 347 4268 a
366 4190 470 4269 nodo
489 4189 685 4297 cujusdam
704 4187 903 4295 presbiteri
916 4188 956 4263 in
969 4186 1134 4294 profesto
1147 4187 1279 4263 natalis
1289 4185 1445 4263 Domini
1459 4183 1703 4275 celebrantis,
1719 4199 1759 4261 et

329 4323 377 4398 ad
398 4321 505 4427 cujus
529 4321 683 4428 pignera
707 4336 794 4426 post
813 4335 975 4396 mortem
996 4317 1136 4393 mulier
1154 4316 1320 4422 quedam
1340 4343 1410 4422 pro
1430 4314 1550 4392 salute
1571 4311 1640 4388 filii
1663 4311 1761 4389 duo-

259 4440 264 4449 ⁴
329 4452 438 4529 denis
453 4467 628 4560 rogatura
647 4451 701 4528 ire
723 4450 952 4538 decreverat,
972 4464 1017 4526 ut
1035 4447 1117 4526 vult
1135 4464 1259 4524 textus
1276 4446 1470 4524 relationis
1488 4445 1589 4522 boati
1609 4444 1758 4549 patroni

330 4582 447 4660 nostri
466 4583 625 4672 Bertini,
648 4611 716 4690 per
735 4582 842 4689 cujus
861 4582 977 4660 sancti
996 4580 1131 4659 merita
1150 4579 1305 4657 sanitate
1327 4579 1489 4656 donatur
1508 4603 1699 4684 corporea.
