4478 5842
644 481 766 553 PARS
793 480 1037 553 SECUNDA.
1056 514 1104 526 —
1121 477 1333 551 SIMONIS
1359 479 1451 549 LIB.
1479 481 1505 550 1.
1706 486 1774 554 177

363 619 628 697 condonarem.
653 621 771 727 Cujus
800 621 973 726 petitioni
1004 619 1167 695 libenter
1190 647 1375 708 annuens,
1402 618 1506 723 quod
1538 620 1648 696 nobis
1680 643 1776 701 esset

360 749 621 843 amicissimus,
637 752 729 857 quin
745 752 862 828 eciam
877 753 932 827 vir
945 778 1077 859 magne
1088 749 1344 856 perfectionis,
1361 748 1459 825 sactu
1473 750 1657 854 optimum
1676 752 1774 845 duxi,

360 881 561 971 causaDei
590 881 728 957 amoris
754 882 944 987 sanctique
975 881 1075 956 Petri
1102 898 1139 955 ct
1162 879 1277 956 sancti
1302 878 1460 966 Bertini,
1482 877 1674 985 Folqnini,
1703 884 1776 960 Sil-

359 1009 431 1084 vini
452 1041 620 1118 quoque,
644 1013 707 1117 qui
730 1012 767 1086 in
784 1013 918 1087 codem
939 1010 1098 1086 cenobio
1113 1010 1370 1114 requiescunt,
1389 1025 1432 1083 ut
1446 1010 1544 1113 apud
1564 1011 1688 1087 Deum
1708 1042 1775 1117 pro

358 1168 418 1216 me
444 1142 708 1219 intercessores
734 1143 907 1228 existant,
931 1158 968 1216 et
993 1141 1146 1246 ejudem
1173 1138 1321 1215 cenobii
1343 1154 1421 1213 tum
1445 1158 1638 1243 presentes
1663 1171 1775 1246 quam

356 1268 473 1345 futuri
502 1272 635 1348 fratres
661 1300 726 1347 sue
759 1271 944 1347 societatis
971 1269 1324 1374 communionisque
1354 1269 1568 1373 portionem
1596 1271 1710 1347 michi
1737 1275 1774 1349 in

355 1398 479 1475 Deum
501 1401 700 1506 specialem
721 1401 802 1478 lore
825 1401 1036 1477 admittant.
1064 1400 1181 1507 Igitur
1204 1427 1277 1504 que
1304 1399 1446 1506 rogavit
1473 1399 1633 1503 implere
1656 1403 1773 1492 volui,

357 1544 394 1602 et
415 1533 600 1634 quorum¹
626 1531 748 1607 multo
775 1530 994 1606 clericorum
1015 1530 1182 1636 agmine,
1201 1545 1239 1605 et
1264 1556 1388 1604 coram
1413 1528 1605 1634 Stephano
1628 1560 1670 1606 ac
1685 1534 1776 1608 Ber-

356 1660 492 1749 nardo,
507 1661 849 1749 archidiaconibus,
871 1661 1003 1736 eadem
1023 1659 1154 1735 altaria
1168 1657 1319 1735 tradidi.
1337 1657 1511 1735 Attamen
1531 1661 1773 1739 traditionem

356 1787 492 1867 iaciens
516 1821 592 1869 non
619 1819 685 1868 sue
709 1791 782 1868 vite
807 1791 972 1868 termino
995 1791 1219 1878 finiendam,
1247 1819 1377 1866 verum
1403 1791 1519 1866 eciam
1547 1793 1775 1898 perpetuali·

354 1936 411 1994 ter
425 1949 493 2024 per
513 1922 640 1998 onmia
661 1948 917 1998 successorum
938 1949 1112 1997 meorum
1133 1920 1395 2025 episcoporum
1416 1936 1588 2026 tempora
1607 1951 1775 2026 perman·

354 2077 478 2123 suram
503 2053 695 2139 constitui;
717 2051 768 2127 ita
794 2052 991 2142 duntaxat,
1013 2068 1055 2127 ut
1072 2078 1233 2156 persone
1249 2077 1316 2154 per
1337 2051 1469 2124 eadem
1486 2050 1614 2126 altaria
1635 2055 1773 2130 consti-

352 2196 560 2271 tuerentur,
581 2199 640 2270 ut,
664 2183 693 2258 si
716 2182 813 2258 forte
827 2209 988 2289 persona
1008 2181 1209 2258 constituta
1232 2197 1454 2274 moreretur,
1477 2179 1593 2256 altera
1615 2210 1770 2286 persona

353 2309 433 2385 sine
448 2313 574 2414 precio
591 2312 647 2389 illi
663 2313 940 2421 subrogaretur.
956 2312 1123 2390 Obsecro
1141 2311 1255 2418 igitur
1270 2339 1403 2387 omnes
1418 2339 1651 2388 successores
1667 2341 1772 2389 meos

354 2439 563 2546 episcopos,
590 2472 658 2547 per
681 2443 979 2521 misericordiam
1003 2442 1075 2518 Dei
1099 2470 1241 2547 perque
1270 2469 1512 2517 communem
1532 2441 1769 2543 christianam

353 2569 487 2664 iidem,
516 2589 560 2648 ut
582 2572 650 2649 hec
672 2572 888 2649 inconvulsa
914 2571 1182 2676 inviolataque,
1205 2587 1331 2647 nostra
1359 2571 1577 2647 auctoritate
1595 2571 1791 2662 ‘firmata,'

352 2716 447 2776 stare
465 2703 697 2805 permittant,
721 2731 768 2778 ne
789 2703 882 2777 iram
902 2703 973 2779 Dei
994 2701 1183 2806 sanctique
1209 2701 1307 2776 Petri
1330 2717 1368 2776 et
1390 2717 1601 2777 ceterorum
1627 2718 1772 2779 sancto·

352 2856 436 2901 rum
454 2829 549 2904 inibi
572 2831 889 2935 requiescentium
907 2831 1115 2921 incurrant,
1134 2829 1201 2906 sed
1221 2830 1428 2935 patrocinio
1451 2816 1663 2905 sanctorum
1680 2830 1771 2936 ejus
1815 2873 1817 2877 Α

353 2956 439 3031 dem
455 2955 528 3035 loci
545 2974 583 3035 et
595 2959 832 3038 oracionibus
845 2987 1037 3037 servorum
1048 2959 1120 3036 Dei
1133 2986 1377 3036 monacorum
1392 2987 1541 3063 semper
1555 2977 1771 3055 mereantur

350 3088 506 3194 protegi.
527 3087 721 3181 Ceterum,
747 3089 776 3164 si
801 3089 884 3196 quis
904 3088 1016 3196 hujus
1037 3088 1251 3165 traditionis
1278 3105 1376 3165 carte
1400 3088 1621 3179 destructor,
1650 3089 1771 3196 quali-

351 3245 499 3321 cunque
518 3217 714 3295 molimine
734 3218 819 3295 iacti
845 3219 1033 3297 consiliive
1056 3235 1227 3324 repertus
1250 3217 1380 3308 luerit,
1403 3218 1472 3294 Dei
1500 3219 1769 3323 omnipotentis

350 3362 388 3419 et
417 3348 532 3423 saneti
552 3349 648 3424 Petri
677 3349 904 3425 anathemati
925 3347 1130 3455 subjaceat3
1156 3348 1222 3423 sed
1243 3365 1288 3422 ut
1308 3347 1378 3425 bec
1410 3364 1536 3423 nostre
1557 3348 1768 3426 traditionis

350 3493 446 3550 carta
467 3477 576 3552 firma
597 3478 812 3586 stabilisque
831 3495 1066 3585 permaneat,
1091 3506 1176 3554 cum
1197 3477 1437 3582 stipulatione
1458 3477 1625 3554 subnixa.

407 3608 565 3683 «Actum
588 3626 643 3684 est
659 3610 758 3686 istud
781 3611 819 3684 in
835 3609 1063 3686 monasterio
1079 3625 1202 3684 sancte
1217 3607 1287 3683 Dei
1304 3607 1493 3716 genitricis
1514 3607 1646 3698 Marie,
1663 3610 1766 3713 quod

350 3752 405 3810 est
416 3737 528 3811 sitnm
542 3739 580 3812 in
593 3739 982 3829 civitateTornacensi,
992 3754 1170 3845 regnante
1183 3737 1451 3845 gloriosissimo
1462 3765 1548 3844 rege
1560 3734 1736 3813 lioberto.
1752 3775 1765 3805 ι

495 3953 639 4035 «Signum
654 3956 822 4024 llsanuuu,
844 3957 982 4037 episcopi.
1001 3956 1127 4036 Signum
1142 3957 1284 4018 Hueours.
1301 3956 1426 4039 Signum
1442 3957 1606 4025 Srsruuu,
1624 3957 1764 4018 archidia-

536 4057 612 4115 coni.
636 4054 760 4137 Signum
780 4057 948 4124 sennium.
972 4055 1176 4117 archidiaconi.
1200 4056 1323 4139 Signum
1347 4058 1483 4128 Lissum,
1505 4059 1617 4120 decani.
1639 4058 1764 4140 Signum

536 4155 710 4225 Sacermm,
725 4157 837 4219 decani.
861 4158 986 4239 Signum
1000 4144 1168 4228 liniamur,
1187 4159 1298 4220 decani.
1316 4159 1440 4241 Signum
1463 4161 1629 4231 Raosuuu,
1650 4160 1762 4222 decani.

534 4258 659 4340 Signum
676 4259 858 4322 lauressam.
881 4259 1007 4343 Signum
1021 4260 1183 4322 Noussnrr.
1207 4260 1332 4345 Signum
1346 4263 1511 4324 duorum.
1532 4261 1658 4347 Signum
1675 4262 1763 4324 Wan-

537 4381 633 4422 rusm.
649 4388 660 4417 s

390 4533 395 4563 ¹
421 4535 542 4595 Fortass.
556 4537 611 4620 leg.
630 4559 730 4599 comm.
