4478 5842
280 486 349 559 188
623 482 1031 556 CHARTULARIUM
1058 482 1341 555 stTflltthu.

275 624 424 702 Francia
446 639 652 727 acceperat,
677 651 804 700 secum
824 622 980 713 detulit,
1001 640 1039 698 et
1060 651 1145 698 cum
1165 622 1310 698 eisdem
1329 621 1695 729 processionabiliter

275 756 321 832 ab
336 754 440 830 omni
455 770 639 830 conventu
660 770 872 859 susceptus,
889 753 1043 858 pignera
1057 770 1181 831 sancta
1196 753 1236 828 in
1256 752 1412 845 locello,
1433 782 1520 830 cum
1537 779 1694 859 corpore

274 886 388 962 sancti
400 884 555 974 Bertini,
565 883 772 960 honorilice
784 883 1009 960 recondidit.
1025 878 1134 960 Anno
1148 883 1286 959 deinde
1296 901 1484 990 assumpte
1493 883 1695 961 nativitatis

274 1013 412 1090 Christi
425 1013 628 1091 millesimo
642 1012 871 1118 sexagesimo
886 1012 1037 1116 quinto,
1055 1028 1204 1117 peracte
1212 1040 1303 1090 vero
1319 1013 1443 1090 fidelis
1457 1013 1695 1089 administra-

271 1145 385 1220 tionis
401 1172 467 1220 sue
481 1142 771 1251 annovigesimo
787 1159 936 1248 quarto,
953 1143 1088 1248 migrat
1108 1142 1244 1219 abhoc
1261 1145 1426 1235 mundo,
1448 1161 1522 1220 ete
1540 1144 1692 1252 regione

272 1272 431 1378 sepulcri
459 1273 591 1351 domni
615 1271 790 1348 Roderici
816 1271 975 1361 abbatis,
1004 1299 1082 1347 non
1107 1271 1187 1348 sine
1211 1271 1364 1378 planctu
1386 1273 1604 1361 astantium,
1630 1289 1693 1347 tu-

271 1402 453 1492 mulatum
484 1402 664 1509 locusque
700 1400 838 1477 tumuli
873 1402 947 1476 hoc
977 1417 1168 1477 exametro
1201 1402 1468 1509 epigrammate
1494 1399 1695 1507 superinti·

271 1531 438 1609 tulatur:

567 1733 623 1793 130⁵
635 1733 755 1793 Domini
767 1730 860 1799 Bovo,
874 1730 1001 1791 Domino
1015 1732 1139 1792 donatus
1155 1732 1192 1792 ab
1206 1753 1277 1802 ovo,
1410 1752 1412 1757 ⁴

566 1835 676 1897 Fructn
688 1855 748 1895 non
758 1853 847 1916 parvo
863 1833 982 1893 Domini
994 1833 1115 1916 profecit
1126 1835 1156 1893 in
1176 1855 1252 1896 arvo.

565 1936 656 2021 Cujus
673 1935 802 1998 tollendo
812 1938 899 2020 juga,
917 1936 1148 2020 quadrigamque
1168 1936 1323 2006 trahendo,

566 2037 650 2100 Hanc
664 2039 803 2099 fabricam
822 2037 917 2120 pn'mo
932 2037 1034 2121 templi
1047 2038 1181 2099 fundavit
1192 2040 1229 2100 ab
1244 2041 1320 2109 irno;

565 2141 663 2216 Quam
677 2127 845 2202 divinarum
858 2151 974 2223 portans
987 2142 1091 2201 virtute
1105 2154 1249 2210 rotarum,

566 2243 650 2305 Rexit
663 2254 691 2304 et
705 2244 807 2311 erexit,
822 2253 979 2325 contraque
996 2244 1124 2327 pericula
1136 2244 1214 2303 texit.

568 2342 640 2415 Hic,
653 2348 716 2429 ejus
731 2344 884 2414 membris,
901 2336 1016 2405 decima
1032 2345 1089 2406 sub
1103 2343 1171 2405 lnce
1185 2344 1357 2416 decembris,

566 2449 654 2510 Terre
671 2447 829 2527 mandatis,
846 2448 972 2509 sociatur
984 2446 1023 2511 itt·
1030 2447 1115 2511 etlam
1126 2446 1227 2508 herm

931 2714 1039 2787 xvl.

622 2897 659 2935 DE
681 2896 793 2936 anem
815 2896 997 2944 uenturam,
1020 2894 1193 2938 SUCGFMRB
1215 2895 1341 2939 uovouts.

329 3059 417 3133 Post
437 3055 519 3162 ejus
544 3052 709 3142 obitum,
741 3053 830 3128 dum
856 3054 903 3129 de
924 3054 1188 3143 substituendo
1213 3055 1347 3137 abbate
1373 3071 1556 3160 ageretur,
1586 3055 1694 3131 Heri-

271 3189 416 3277 bertus,
434 3184 519 3291 qui,
540 3210 606 3289 pre
627 3183 776 3270 ceteris,
799 3181 1022 3259 secularium
1039 3183 1241 3261 utilitatem
1260 3202 1435 3290 expertus
1455 3186 1693 3292 negotiorum

274 3317 457 3409 extiterat,
488 3312 628 3391 electus
653 3341 674 3388 a
703 3310 899 3400 fratribus,
925 3312 1136 3417 preficitur,
1164 3330 1320 3418 utputa
1346 3314 1412 3405 vir,
1443 3331 1521 3391 tam
1546 3314 1695 3420 generis

274 3445 452 3556 dignitate
473 3432 587 3552 quam
610 3470 762 3520 morum
781 3441 982 3520 virtutibus
1005 3441 1184 3520 adornata
1207 3443 1409 3548 probitate,
1435 3442 1594 3520 subditis
1613 3470 1695 3519 om-

272 3577 384 3655 nibus
405 3573 608 3652 imitabilis.
632 3574 717 3666 Que
742 3572 836 3650 adeo
858 3571 917 3649 vel
939 3572 1134 3665 naturalis,
1153 3572 1211 3650 vel
1234 3574 1352 3680 magis
1373 3573 1570 3670 exercitata
1587 3573 1627 3649 in
1646 3601 1692 3650 eo

272 3720 497 3791 excreverat,
520 3720 564 3780 ut
589 3704 703 3811 hujus
725 3701 797 3779 loci
821 3700 973 3809 publica
998 3703 1039 3778 in
1062 3703 1309 3782 exterioribus
1333 3703 1606 3780 administratio
1635 3701 1692 3783 illi

271 3836 396 3913 adbuc
420 3833 490 3912 sub
511 3831 673 3909 clericali
695 3831 827 3908 babitu
847 3830 1082 3909 delitescenti
1103 3832 1375 3940 injungeretur.
1398 3833 1478 3925 Sub
1500 3861 1573 3938 qua
1599 3832 1705 3911 dum·

271 3965 435 4044 fideliter
453 3962 610 4040 fratrum
627 3960 757 4041 usibus
771 3961 983 4054 inserviret,
1001 3963 1152 4069 superni
1165 3980 1356 4070 respectus
1372 3965 1449 4040 acie
1468 3947 1690 4051 illustratus,

272 4122 450 4172 monacus
472 4090 643 4182 efficitur,
664 4089 1151 4197 publicarumquererum,
1173 4092 1266 4169 dum
1285 4092 1459 4201 religiose
1481 4093 1634 4180 vireret,
1656 4091 1690 4167 ei

268 4224 401 4302 itidem
417 4251 504 4301 cura
521 4222 681 4300 exterior
696 4222 902 4330 delegatur.

913 4439 1044 4541 xvn.

324 4649 409 4743 Qua
427 4663 675 4754 preocupatus
697 4645 943 4725 fidelissimus
963 4648 1208 4754 dispensator,
1230 4664 1355 4724 sancte
1375 4650 1494 4726 eciam
1514 4649 1690 4726 castitatis
1778 4618 1797 4653 ζ’

267 4797 419 4870 amm*
441 4777 532 4856 dum
547 4792 762 4883 temptatur,
779 4776 975 4882 Pmbssum
994 4777 1079 4856 Deo
1086 4778 1243 4884 gratias,
1266 4772 1466 4856 invenitur.
1487 4778 1688 4856 Enimvero
