4478 5842
556 475 678 551 Palas
703 475 945 552 SECUNDA.
965 519 1016 531 --
1034 475 1245 570 SlMONIS
1271 478 1364 555 tls.
1391 479 1459 552 ΙΙΙ.
1646 481 1718 553 507

998 745 1028 818 Ι.

760 943 930 986 ὓῑἈΒΒΔΤΕ
952 941 1056 985 mitto
1078 943 1141 989 stvr
1163 942 1263 984 tuost„

353 1125 498 1202 Placuit
523 1125 675 1200 tandem
703 1121 829 1214 nobis,
856 1110 940 1201 Deo
967 1123 1171 1230 inspirante
1202 1123 1446 1228 virorumque
1474 1097 1723 1227 prudentium

299 1254 456 1333 consilio
478 1254 719 1363 srdlragante,
738 1281 854 1360 super
872 1253 1033 1331 vitulum
1056 1239 1247 1331 novellum
1259 1282 1410 1346 ,cornua
1430 1252 1665 1360 producente
1686 1268 1726 1329 et

299 1384 474 1492 ungulas,
497 1387 682 1469 domnum
701 1385 1102 1490 videlicet-Leonium,
1125 1385 1375 1470 Laubiensem
1394 1385 1569 1462 abbatem
1583 1386 1606 1459 ¹.
1634 1384 1721 1477 Qui,

301 1545 342 1591 ex
361 1515 613 1595 nobilioribus
632 1501 984 1620 Furnensispopuli
999 1516 1184 1624 originem
1207 1516 1363 1604 ducens,
1386 1515 1576 1592 curialiter
1593 1513 1727 1613 educa·

299 1664 361 1723 tus
373 1665 412 1723 et
425 1645 631 1731 curialibus
646 1646 818 1725 moribus
830 1647 1051 1739 instructus,
1068 1647 1191 1751 patrui
1207 1676 1250 1723 ac
1263 1645 1379 1753 patris
1395 1644 1518 1739 officio
1529 1646 1608 1751 jam
1624 1644 1728 1721 adul·

299 1794 361 1853 tus
372 1776 624 1884 perfungitur.
642 1777 707 1853 Hii
720 1805 884 1884 namque
902 1792 1135 1854 secretorum
1156 1776 1359 1854 curialium
1373 1775 1539 1887 consiliis
1549 1793 1594 1888 et
1613 1802 1728 1882 nego·

299 1908 361 1984 tiis
373 1907 540 2007 assidui,
562 1906 808 1991 elemosinam
830 1907 1013 1985 comitum
1033 1906 1325 1987 Flandrensium
1341 1907 1389 1982 ad
1407 1936 1498 1985 usus
1515 1933 1726 2012 pauperum

300 2037 439 2115 Christi
458 2037 772 2114 administrarant.
789 2036 821 2115 A
837 2065 1002 2143 quorum
1021 2038 1208 2119 mundiali
1224 2038 1500 2121 consuetudine
1511 2054 1643 2134 ,monte
1661 2038 1728 2143 de-

299 2196 499 2273 generans,
521 2197 608 2245 cum
628 2152 756 2277 viginti
775 2148 938 2276 quatuor
958 2185 1056 2246 esset
1075 2151 1279 2277 annorum,
1302 2169 1443 2269 curiam
1467 2196 1553 2275 cum
1580 2168 1728 2259 mundo

213 2327 217 2335 ·
301 2298 506 2404 despitiens
529 2316 567 2375 et
586 2299 726 2377 Christi
752 2326 935 2405 pauperes
956 2300 1107 2397 Christo
1132 2298 1368 2407 relinquens,
1393 2297 1622 2409 Aquiscincti
1644 2284 1727 2373 moss

302 2458 415 2506 nacus
429 2428 589 2507 efficitur
603 2429 674 2506 sub
687 2429 889 2506 venerabili
905 2428 1046 2520 Alviso,
1064 2429 1130 2537 qui
1147 2429 1193 2507 de
1212 2429 1397 2506 monacho
1416 2426 1728 2537 Sithiensiabbas

302 2559 578 2665 Aquicinensis,
604 2578 642 2636 et
661 2560 708 2636 de
734 2560 867 2638 abbate
892 2558 1010 2636 iactus
1030 2577 1102 2651 est,
1127 2578 1213 2666 post
1234 2559 1388 2636 beatum
1408 2559 1630 2651 vedastum,
1651 2577 1728 2635 ter-

303 2690 382 2765 cius
409 2692 606 2797 episcopus
633 2689 899 2767 Atrebatensis.
929 2690 1021 2780 Sed,
1046 2680 1131 2766 cum
1159 2719 1201 2766 ea
1226 2707 1464 2795 tempestate,
1491 2690 1571 2766 zelo
1594 2666 1664 2766 Dei
1691 2708 1729 2766 et

302 2819 467 2898 virorum
484 2818 748 2927 religiosorum
768 2819 895 2897 studio
918 2819 1093 2912 ferventi,
1116 2819 1299 2930 gallicane
1322 2820 1478 2897 ecclesie
1499 2820 1547 2896 de
1568 2820 1729 2911 dissolu·

301 2950 406 3026 tione
419 2949 466 3025 ad
478 2978 651 3028 normam
665 2956 974 3028 converterentur
986 2950 1166 3058 regularis
1184 2950 1396 3056 discipline,
1414 2950 1515 3027 idein
1532 2949 1728 3055 episcopus

264 3183 268 3191 Ι
297 3077 525 3185 jamdudum
548 3081 713 3158 sentiens
730 3072 918 3187 prefatum
937 3080 1125 3162 Leonium
1147 3080 1329 3190 regularis
1348 3081 1532 3187 temperie
1555 3080 1729 3189 tyrocinii

303 3208 630 3316 disciplinabiliter
644 3213 932 3320 morigeratum,
954 3211 1216 3292 animadvertit
1236 3213 1340 3292 hunc
1359 3211 1611 3291 monasteriali
1635 3213 1732 3320 regi-

302 3341 431 3421 monio
452 3340 655 3453 perutilem
675 3358 714 3419 st
732 3342 939 3454 ydoneum.

990 3635 1044 3708 ll.

829 3836 865 3876 DE
887 3833 1018 3875 encausta
1042 3833 1206 3875 hausisset,

366 4010 503 4116 Sicque
525 4013 606 4117 ejus
627 4010 851 4117 suffragante
872 4012 1032 4100 auxilio,
1054 3995 1288 4115 ¹archipresul
1309 4009 1503 4087 Remensis‘
1527 4009 1729 4088 Laubiensi
1804 4006 1810 4019 ’

305 4139 406 4215 hunc
419 4140 576 4246 prefecit
591 4140 763 4218 cenobio.
781 4130 893 4236 Quod
909 4172 929 4219 a
949 4142 1060 4220 beato
1081 4144 1274 4231 Ursmaro,
1293 4140 1516 4218 Leodicensi
1537 4139 1728 4245 pontifice,

305 4266 526 4360 fundatum,
561 4288 599 4349 et
630 4270 777 4348 liberali
807 4272 1064 4350 munificentia
1092 4270 1404 4350 Christicolarum
1430 4270 1526 4346 adeo
1551 4285 1607 4344 est
1631 4269 1733 4346 dita-

304 4415 404 4489 tum,
419 4416 462 4475 ut
479 4417 571 4478 tunc
588 4401 790 4508 temporis,
812 4402 997 4510 insignius
1009 4402 1131 4479 tocius
1145 4399 1388 4479 Leodicensis
1402 4416 1441 4474 et
1454 4399 1732 4479 Cameracensis

307 4527 465 4607 diocesis
488 4531 742 4611 celebraretur
766 4533 942 4612 ecelesiis.
971 4532 1183 4638 Apostolica
1206 4559 1358 4640 quoque
1379 4546 1483 4607 tanta
1504 4530 1730 4609 honoratum

306 4676 362 4735 est
375 4664 621 4770 prerogativa,
634 4682 677 4742 ut
691 4663 844 4743 abbates
860 4664 1031 4772 ejusdem
1046 4664 1195 4743 cenobii
1211 4664 1250 4742 in
1265 4663 1519 4743 celebratione
1534 4663 1731 4741 missarum

349 4821 355 4854 ¹
381 4824 436 4886 Hic
453 4827 563 4910 aliquid
582 4828 685 4890 deesse
699 4829 821 4892 videtur.

649 4929 653 4938 .
1492 4931 1541 5006 39·
1557 4946 1560 4951 .
