4478 5842
612 466 1426 559 rinssucoum.-s1u0u1smn
1454 470 1480 538 1.
1696 466 1764 536 175

344 619 428 693 dam
450 596 636 692 terrarum
656 611 911 718 possessiones
931 609 1087 686 ecclesie
1114 609 1202 686 huie
1224 608 1501 715 appendentes,
1531 609 1622 685 dum
1653 609 1767 685 sentit

341 776 379 825 se
400 748 448 822 ad
464 745 649 823 sedandas
666 743 744 819 litis
761 741 1030 819 controversias
1046 739 1277 846 improbitati
1297 738 1611 817 tumultuantium
1631 740 1766 816 virtute

341 906 420 953 esse
440 879 641 981 imparem,
666 874 772 979 qnod
793 899 863 948 suo
888 872 1044 948 nomine
1065 870 1181 948 valuit
1202 870 1378 961 consili0,
1400 870 1554 948 alterius
1578 887 1684 977 parat
1709 898 1767 949 sa·

339 1009 487 1115 pienter
512 1008 657 1083 vincere
682 1003 832 1080 auxilio.
852 1003 1006 1080 Accedit
1026 1003 1140 1110 igitur
1157 1005 1206 1079 ad
1227 1003 1443 1108 episcopum
1464 1005 1763 1095 Tarnanensem,
1892 1017 1894 1021 ’

338 1139 569 1217 Balduinum
590 1136 764 1225 nomine,
782 1162 983 1211 monacum
1000 1134 1194 1239 quondam
1210 1133 1393 1223 Corbeie,
1416 1134 1612 1239 postulans
1630 1136 1768 1240 episco-

338 1271 412 1374 pali
442 1269 664 1347 auctoritate
693 1264 892 1343 malivolos
921 1264 1187 1342 obturbatores
1219 1266 1374 1342 ecclesie
1404 1266 1542 1357 sedari,
1571 1283 1764 1371 terrasque

339 1400 570 1506 supradictas
590 1398 667 1474 suis
686 1424 1020 1501 successorumque
1041 1424 1197 1474 suorum
1220 1396 1350 1472 usibus
1366 1414 1550 1502 perpetuo
1571 1397 1764 1502 deputari,

339 1547 393 1623 et,
416 1558 484 1636 pro
511 1526 806 1607 commutatione
835 1552 988 1613 earum,
1017 1525 1089 1602 sibi
1116 1525 1282 1632 quedam
1304 1525 1431 1601 altaria
1459 1555 1555 1633 eque
1577 1527 1764 1633 imperpe-

337 1678 446 1736 tuum
464 1658 693 1765 possidenda
705 1656 935 1746 condonari3
961 1656 1067 1762 quod
1085 1654 1223 1733 libenti
1242 1656 1369 1732 animo
1385 1658 1588 1749 consentit,
1610 1674 1763 1733 cartam·

337 1820 410 1897 que
433 1792 480 1866 de
506 1788 814 1867 commutationis
832 1803 967 1864 mutue
991 1787 1207 1894 largitione,
1231 1805 1276 1863 ut
1295 1785 1508 1892 subjectum
1531 1806 1603 1877 est,
1626 1789 1763 1865 confir-

336 1938 458 1998 mavit.

1008 2134 1099 2256 vu.

353 2350 499 2390 Etssttt’trstt
516 2350 607 2388 (tattt'f.
625 2351 661 2387 bt:
674 2348 905 2388 commemora.
924 2346 1120 2389 ECCLESIARUM
1139 2347 1283 2393 tttttssssbtt,
1300 2347 1463 2389 'l'OltttRSSEM
1482 2349 1516 2386 ET
1533 2348 1733 2388 PETEfluNBssA.

992 2428 994 2432 ,
1776 2464 1806 2535 5·

394 2548 462 2622 «ln
495 2547 649 2623 nomine
682 2562 806 2622 sancte
830 2562 871 2619 et
899 2543 1094 2619 individue
1121 2543 1328 2623 Trinitatis.
1359 2545 1585 2636 Balduinus,
1620 2546 1760 2624 Christi
1833 2565 1909 2615 1026.

336 2680 480 2755 favente
502 2677 719 2765 clementia,
737 2674 1017 2771 Tarnannensis
1039 2674 1195 2751 ecclesie
1220 2679 1429 2781 episcopus.
1455 2679 1593 2754 Notum
1611 2679 1659 2755 sit
1679 2706 1761 2757 om-

336 2809 463 2893 nibus,
489 2826 566 2884 tam
582 2806 719 2883 suturis
737 2834 849 2910 quam
864 2821 901 2880 et
916 2803 1175 2909 presentibus,
1195 2807 1299 2912 quod
1320 2835 1390 2912 ego
1405 2825 1518 2914 atque
1534 2810 1758 2898 Rodericus,

336 2938 450 3015 abbas
469 2937 645 3015 videlicet
664 2935 817 3012 ecclesie
844 2934 959 3012 sancti
980 2936 1140 3024 Bertini,
1160 2937 1207 3012 de
1231 2937 1345 3015 rebus
1360 2939 1600 3017 ecclesiarum
1617 2959 1762 3018 nostra-

336 3099 420 3146 rum
446 3071 565 3145 inter¹
590 3097 705 3144 unam
727 3065 1064 3143 commutationem
1086 3065 1255 3146 lecimus.
1276 3070 1446 3147 Prelatus
1467 3099 1630 3178 namque
1647 3072 1762 3148 abbas

335 3200 442 3279 dedit
468 3200 584 3277 michi
615 3199 805 3306 quandam
831 3215 970 3275 terram
996 3197 1104 3275 sitam
1136 3227 1250 3304 super
1276 3200 1433 3278 lluvium
1466 3202 1655 3309 Agniona‚
1685 3231 1761 3308 que

333 3332 446 3438 vulgo
466 3330 667 3407 Laurentia
692 3345 943 3434 nuncupatur,
965 3356 1034 3433 pro
1056 3356 1130 3434 qua
1149 3330 1301 3407 reddidi
1324 3332 1356 3408 ei
1380 3334 1419 3407 in
1437 3333 1658 3408 concambio
1684 3333 1761 3408 duo

334 3461 485 3538 altaria:
509 3461 623 3538 altare
645 3460 788 3536 scilicet
803 3458 850 3537 de
872 3457 1046 3564 villaque
1064 3458 1225 3537 Harbela
1250 3460 1408 3552 dicitur,
1424 3478 1461 3536 et
1486 3461 1590 3537 aliud
1607 3462 1655 3537 de
1672 3462 1760 3537 villa

322 3621 408 3698 ⁴qne
427 3592 717 3670 Torbodeshem
739 3590 961 3698 appellatur.
984 3590 1126 3667 ltemm
1148 3591 1312 3668 eontulit
1330 3592 1446 3669 michi
1464 3592 1671 3698 jamdictus
1696 3594 1761 3671 ab·

334 3722 400 3801 bas
419 3740 555 3801 terram
583 3722 690 3799 sitam
720 3722 758 3797 in
782 3716 961 3827 villaque
986 3720 1125 3800 dicitur
1152 3722 1343 3814 Casmera,
1371 3752 1484 3831 quam
1505 3752 1574 3802 nos
1604 3752 1647 3800 ea
1670 3754 1761 3803 con-

334 3854 508 3951 ventione
537 3853 790 3959 suscepimus,
822 3868 882 3944 ut,
913 3851 1000 3957 quia
1029 3870 1107 3928 erat
1136 3853 1303 3960 inquieta
1325 3873 1361 3931 et
1387 3855 1432 3932 ab
1462 3856 1761 3935 inhabitantibus

223 4030 227 4036 ·
337 3983 557 4061 hominibus
576 3985 644 4089 ipsi
666 3982 791 4060 abbati
814 3979 1140 4059 contradicebatur
1157 3985 1300 4092 sepius,
1323 4002 1452 4063 nostro
1474 3987 1675 4093 episcopali
1697 3989 1761 4063 mi·

335 4114 491 4192 nisterio
505 4109 507 4112 ’
522 4143 604 4190 earn
638 4113 804 4220 quietam
830 4112 968 4189 nostris
999 4111 1129 4191 usibus
1164 4114 1285 4192 facere
1317 4116 1557 4194 deberemus.
1588 4120 1759 4225 Itemque

335 4244 445 4323 aliam
467 4262 625 4335 terram,
655 4271 729 4349 que
747 4242 848 4351 jacet
862 4243 902 4323 in
928 4241 1016 4320 villa
1036 4243 1209 4351 Stapulas
1231 4248 1444 4338 nominem
1471 4248 1581 4327 aliam
1605 4279 1759 4357 quoque

337 4376 375 4451 in
399 4375 487 4455 villa
512 4404 585 4482 que
608 4375 741 4453 Dalvas
764 4374 913 4451 dicitur.
935 4374 1006 4452 Pro
1029 4374 1169 4482 quibus
1196 4377 1304 4457 terris
1325 4378 1465 4458 tradidi
1490 4379 1523 4456 ei
1550 4379 1590 4456 in
1611 4381 1759 4461 cambio

337 4504 451 4582 altare
470 4535 610 4599 unum,
633 4507 672 4583 in
686 4506 771 4584 villa
790 4533 864 4614 que
883 4506 1264 4596 Petressavocitatnr;
1287 4538 1332 4586 eo
1353 4527 1502 4601 tenore,
1519 4526 1577 4602 ut,
1593 4511 1688 4589 sicut
1709 4541 1761 4589 ec-

338 4637 449 4715 clesia
473 4657 598 4716 sancte
620 4639 753 4730 Marie,
775 4637 853 4730 cui,
874 4636 955 4717 Deo
977 4654 1145 4730 auctore,
1167 4639 1353 4729 deservis,
1379 4641 1548 4751 possidet
1566 4660 1682 4746 terras
1706 4673 1761 4719 su-

379 4803 385 4832 ¹
402 4807 500 4888 Suppl.
521 4829 573 4866 rios.
