4478 5842
533 457 608 528 252
886 457 1294 530 casarunaaruu
1321 455 1598 553 strmruss.

533 593 617 672 liter
636 598 921 689 committimus,
951 616 988 674 et
1010 597 1246 702 dispositioni
1267 597 1505 705 subjecimus.
1529 600 1637 675 Juxta
1665 601 1950 706 possibilitatem

533 727 657 833 itaque
673 729 805 835 prefati
825 729 917 820 loci,
935 729 1137 805 monastice
1158 727 1350 833 religionis
1369 727 1585 805 servitutem
1599 729 1743 809 ibidem
1757 736 1880 844 vigere
1895 766 1954 814 vo·

532 855 676 949 lumus3
695 859 744 934 ita
763 877 889 935 tamen
906 877 948 935 ut
966 858 1090 964 priore
1111 876 1149 934 et
1162 857 1344 947 monacis,
1362 859 1570 936 secundum
1592 860 1878 967 dispositionem
1894 867 1954 942 ab

531 985 627 1065 batis
648 990 762 1066 saneti
785 989 928 1067 Bertini
948 987 1092 1064 ibidem
1113 986 1335 1093 regulariter
1359 988 1600 1093 degentibus,
1618 991 1760 1096 prefata
1784 995 1950 1088 ecclesia,

450 1203 452 1207 ⁸
533 1146 618 1193 cum
640 1120 903 1226 omnibusque
918 1119 976 1195 vel
992 1119 1071 1225 jam
1089 1118 1193 1193 illius
1211 1135 1313 1207 sunt,
1338 1117 1395 1193 vel
1418 1118 1458 1193 in
1475 1137 1701 1226 perpetuum
1717 1151 1760 1199 ex
1780 1124 1951 1203 fidebam

534 1248 731 1326 devotione
752 1250 836 1325 sieri
850 1266 1022 1355 possunt,
1045 1249 1092 1324 ad
1112 1249 1297 1324 honorem
1311 1247 1381 1323 Dei
1401 1253 1591 1355 sanctique
1612 1254 1761 1330 Martini
1777 1255 1895 1334 libere
1915 1275 1953 1334 et

531 1376 671 1485 absque
685 1378 801 1456 ullius
816 1408 976 1485 persone
992 1408 1061 1454 seu
1072 1379 1264 1483 potestatis
1279 1378 1455 1455 secularis
1474 1380 1664 1459 exactione
1685 1382 1948 1489 disponantur,

531 1507 630 1583 salvo
650 1526 776 1584 tamen
792 1509 951 1585 sinodali
966 1537 1079 1585 censu
1094 1509 1268 1613 episcopo
1283 1492 1512 1584 Tarbanensi
1533 1511 1796 1615 persolvendo.
1818 1515 1954 1593 Decer-

532 1637 656 1712 nimus
674 1638 789 1714 eciam
806 1639 853 1714 de
870 1638 1047 1715 omnibus
1063 1639 1189 1714 eidem
1205 1637 1288 1714 loco
1300 1639 1379 1745 jam
1397 1638 1542 1715 collatis
1556 1641 1615 1716 vel
1630 1641 1669 1717 in
1682 1640 1852 1720 firturum
1866 1674 1953 1723 con·

532 1767 711 1859 ferendis,
728 1785 805 1845 tam
821 1769 859 1844 in
874 1769 983 1845 terris
997 1797 1111 1874 quam
1127 1770 1166 1843 in
1181 1768 1314 1845 ceteris
1328 1768 1457 1857 rebus,
1473 1786 1516 1845 ut
1528 1797 1597 1846 nec
1610 1769 1736 1848 abbati
1754 1801 1825 1849 nec
1839 1773 1949 1852 alicui

532 1926 787 1975 successorum
817 1901 899 2006 ejus
922 1899 1076 1975 facultas
1095 1901 1142 1974 sit
1171 1898 1314 2004 aliquid
1336 1897 1426 1975 inde
1454 1897 1619 1990 auferre,
1646 1901 1872 1980 imminuere
1892 1904 1950 1982 vel

533 2029 706 2105 alienare.
725 2030 951 2135 Quicunque
976 2047 1101 2105 autem
1119 2030 1206 2105 huic
1232 2046 1359 2106 nostre
1381 2029 1563 2106 sanctioni
1588 2033 1772 2108 contraire
1795 2048 1955 2139 tempta-

532 2158 641 2249 verit,
658 2177 842 2264 perpetuo
862 2141 1088 2236 anathemati
1104 2159 1299 2251 subdatur,
1317 2159 1388 2234 nisi
1406 2159 1636 2237 ammonitus
1652 2160 1858 2266 resipuerit.

589 2323 602 2354 r
616 2288 750 2364 Actum
763 2287 864 2392 apud
879 2289 1060 2366 Sanctum
1074 2288 1288 2379 bertinum,
1307 2316 1405 2364 anno
1419 2288 1532 2366 Verbi
1553 2288 1733 2365 incarnati
1747 2289 1950 2368 millesimo

533 2418 737 2494 centesimo
754 2418 902 2495 decimo
915 2420 1061 2525 quinto.

702 2622 848 2705 «Signum
867 2623 1026 2692 domums,
1041 2625 1169 2707 episcopi
1184 2625 1390 2685 Morinensis.»

589 2783 641 2857 Ex
654 2780 875 2889 dictispatet
894 2783 1020 2862 locum
1044 2784 1187 2861 dictum
1200 2801 1307 2861 antea
1327 2784 1537 2888 prioratum
1554 2813 1645 2861 esse.

1187 3076 1298 3148 XXI.

534 3284 685 3328 assuetas
700 3284 790 3325 CARTE
811 3282 964 3333 JOHANMS.
987 3282 1127 3332 srtscort,
1150 3283 1188 3323 DE
1210 3283 1367 3325 scotrmm
1389 3286 1532 3334 caestu,
1555 3285 1700 3338 Quttlrstt
1722 3286 1807 3326 vatur
1830 3287 1858 3326 ΙΝ
1883 3286 1955 3329 USUS

1048 3387 1189 3428 FRATRU!
1216 3386 1440 3428 ssnuussstutt.

474 3595 476 3599 '
587 3612 599 3642 α
613 3577 692 3684 Ego
701 3578 906 3665 lebannes,
921 3554 990 3652 Dei
1004 3575 1135 3681 gratia,
1148 3571 1383 3650 Morinorum
1393 3572 1589 3678 episcopus
1599 3633 1607 3661 ,
1619 3572 1774 3649 notifico
1788 3591 1866 3649 tam
1877 3603 1958 3680 pos

532 3705 622 3782 teris
641 3734 754 3812 quam
775 3705 1031 3810 presentibus,
1051 3704 1138 3809 quia
1160 3703 1213 3781 vir
1232 3703 1388 3809 quidam
1407 3702 1630 3782 venerabilis
1649 3703 1783 3795 laicus,
1801 3705 1956 3781 nomine

533 3833 769 3925 ldesbaldus,
792 3833 986 3910 ecclesiam
1012 3834 1148 3910 dictam
1168 3833 1358 3942 Eggafridi
1379 3833 1581 3938 capellam,
1608 3862 1720 3938 quam
1747 3850 1852 3939 pater
1876 3835 1957 3940 ejus

533 3964 753 4072 Eggairidus
774 3962 934 4041 fundare
955 3981 1120 4069 ceperat,
1143 3964 1349 4040 instaurare
1366 3964 1546 4054 instituit3
1568 3962 1712 4040 ibidem
1727 3964 1870 4069 itaque,
1887 3992 1956 4070 pro

534 4095 705 4173 remedio
719 4095 845 4172 anime
860 4124 940 4187 sue,
958 4112 996 4171 et
1011 4093 1125 4200 patris
1137 4111 1176 4170 et
1190 4095 1319 4170 matris
1331 4122 1410 4184 sue,
1426 4094 1599 4171 etuxoris
1613 4093 1856 4200 filiorumque
1867 4121 1956 4171 suo-

534 4254 618 4302 rum
639 4225 716 4301 itlie
728 4224 993 4317 humatorum,
1016 4225 1205 4332 octoginta
1219 4240 1318 4300 terre
1334 4252 1400 4301 sue
1415 4251 1609 4300 mensuras
1622 4240 1660 4300 et
1673 4241 1818 4329 septem
1832 4250 1958 4302 vaccas

533 4356 614 4432 Deo
644 4372 843 4462 sancteque
868 4355 1039 4465 genitrici
1063 4355 1180 4434 Mario
1205 4382 1273 4462 per
1294 4381 1363 4431 nos
1389 4353 1494 4431 dedit
1517 4353 1557 4429 in
1577 4382 1713 4431 manus
1735 4353 1958 4433 venerabilis

534 4484 603 4561 filii
614 4486 732 4562 nostri
745 4485 946 4576 Lamberti,
958 4485 1104 4562 abbatis
1114 4486 1231 4562 sancti
1243 4483 1397 4573 Bertini
1410 4483 1450 4559 in
1462 4511 1551 4560 usus
1562 4483 1719 4561 fratrum
1729 4484 1781 4563 ibi
1794 4484 1959 4561 servien-

534 4618 642 4693 tium.
667 4618 777 4694 Facta
796 4633 922 4693 autem
944 4616 1015 4692 bac
1039 4615 1242 4691 donatione
1262 4614 1362 4719 apud
1383 4615 1639 4705 Taruennam,
1663 4615 1702 4689 in
1727 4630 1854 4690 nostra
1872 4641 1960 4720 pre-

535 4749 654 4826 sentia
672 4765 709 4825 et
730 4746 1081 4826 archidiaconorum
1102 4762 1318 4823 nostrorum
1338 4741 1512 4822 Herberti
1534 4762 1571 4822 et
1587 4745 1762 4838 Walteri,
1780 4743 1959 4823 Walteri-
