4478 5842
572 460 698 537 Palas
725 460 1034 536 SECUNDA.—
1052 461 1266 536 SIMONIS
1292 465 1388 536 LlB.
1416 467 1463 535 11.
1653 468 1727 539 2ῦὸ

309 605 354 679 ad
390 604 556 680 medium
594 605 775 713 Agnionis
809 603 913 679 fluvii
943 632 1094 679 cursum
1129 603 1339 710 interjacet,
1366 606 1461 680 sicut
1482 634 1549 710 per
1578 605 1728 683 fratrem

307 753 477 813 nostrum
498 737 728 822 lohannem,
748 735 983 812 Morinorum
1008 735 1243 840 episcopum,
1266 752 1409 810 constat
1429 764 1507 812 esse
1529 753 1728 828 sacratum,

307 863 356 939 ita
385 892 457 941 nos
483 863 638 940 ecclesie
663 881 784 940 vestre
804 864 969 968 presenti
990 863 1141 940 decreto
1166 861 1377 951 firmamus,
1404 893 1489 939 cum
1509 865 1674 970 piscariis
1695 883 1732 940 et

216 1076 220 1083 ¹
304 995 415 1071 terris
440 994 724 1102 adjacentibus,
746 992 858 1068 cultis
882 993 956 1067 sive
979 992 1152 1081 incultis,
1177 992 1350 1068 videlicet
1368 1022 1386 1068 a
1407 994 1547 1099 prelata
1562 994 1648 1070 villa
1665 995 1732 1070 Ar-

305 1122 392 1200 chas
420 1151 542 1230 usque
570 1124 744 1199 advetus
771 1120 1064 1211 monasterium,
1092 1140 1204 1228 prout
1229 1123 1359 1228 priscis
1377 1123 1615 1229 temporibus
1644 1156 1731 1231 pos-

304 1252 475 1329 sedistis.
496 1250 650 1330 Illarum
674 1280 826 1358 quoque
844 1251 1074 1328 decimarum
1090 1252 1349 1339 medietatem,
1367 1281 1440 1358 que
1453 1252 1559 1330 vobis
1574 1271 1611 1330 et
1626 1284 1731 1332 cano·

306 1383 399 1458 nicis
436 1382 550 1459 sancti
571 1380 777 1458 Audomari
793 1381 989 1459 communi
1004 1378 1089 1489 jure
1110 1381 1343 1487 proveniant,
1370 1380 1511 1459 scilicet
1534 1385 1581 1460 de
1601 1404 1728 1463 sancto

303 1512 488 1604 Micaele,
515 1507 562 1589 de
586 1529 711 1590 sancto
735 1512 923 1613 Quintino
944 1512 984 1587 in
1005 1511 1192 1599 balenas,
1220 1512 1267 1587 de
1291 1528 1417 1588 sancto
1437 1512 1599 1590 Martino
1628 1530 1728 1591 extra

302 1642 486 1751 burgum,
502 1642 550 1719 de
565 1656 692 1718 sancto
716 1638 858 1717 Jacobs
875 1639 923 1716 de
939 1634 1212 1749 Tatingbuem,
1227 1658 1265 1717 et
1277 1642 1325 1717 de
1338 1641 1565 1732 Cormettes,
1580 1671 1727 1720 necnon

303 1791 340 1849 et
355 1772 515 1850 illorum
530 1789 695 1880 quatuor
709 1770 952 1847 denariorum
967 1771 1181 1847 communis
1200 1770 1387 1857 thelonei,
1403 1800 1499 1876 quos
1519 1769 1729 1850 lratemitas

303 1918 384 1991 tua,
403 1931 478 1978 una
494 1930 580 1978 cum
590 1896 746 2005 prelatis
761 1897 967 1986 canonicis,
984 1885 1159 1976 adversus
1167 1896 1390 2006 burgenses,
1404 1894 1474 1976 sibi
1488 1960 1496 1987 ,
1511 1885 1635 1978 corant
1650 1894 1728 2009 epi·

304 2015 415 2137 scopo
436 2029 692 2116 Tarnanensi,
711 2026 984 2106 rationabiliter
1003 2026 1219 2120 vindicavit,
1233 2029 1359 2135 scripti
1375 2030 1489 2136 hujus
1509 2008 1725 2109 auctoritate

301 2158 512 2238 firmamus.
531 2156 786 2237 Relectionem
807 2175 994 2266 preterea,
1016 2187 1128 2265 mam
1149 2156 1328 2235 fratribus
1346 2159 1512 2236 monacis
1528 2177 1566 2236 et
1586 2190 1727 2267 paupe-

217 2356 222 2366 .
256 2262 269 2285 .
302 2291 407 2368 ribus
426 2294 464 2367 in
484 2308 552 2368 tuo
573 2288 825 2368 anniversario
851 2279 1094 2367 tribuendam
1110 2288 1357 2378 constituisti,
1374 2318 1443 2366 nos
1468 2286 1724 2385 inviolabilem

302 2449 523 2527 permanere
544 2420 762 2499 sanctimus.
786 2418 827 2497 si
849 2448 923 2526 qua
951 2419 1064 2529 igitur
1089 2419 1128 2494 in
1153 2419 1323 2497 futurum
1356 2418 1599 2499 ecclesiastica
1622 2449 1726 2498 secu-

301 2551 430 2628 larisve
452 2580 612 2659 persona
615 2611 679 2627 .....
695 2589 709 2619 »
732 2567 908 2656 utsupra
928 2549 966 2625 in
983 2546 1180 2657 privilegio
1199 2550 1385 2626 Pascbalis
1404 2551 1581 2627 secundo.

357 2683 522 2759 «Datum
545 2678 735 2766 Laterani,
752 2707 819 2785 per
839 2699 995 2755 manum
1022 2674 1211 2786 Hugonis,
1228 2696 1352 2755 sancte
1374 2680 1542 2755 Romane
1568 2681 1722 2758 ecclesie

302 2810 541 2899 subdiaconi,
558 2809 674 2886 tercio
690 2807 761 2886 kal.
776 2806 922 2913 aprilis,
941 2809 1150 2885 indictione
1170 2807 1307 2914 prima,
1325 2806 1587 2885 incarnationis
1600 2810 1722 2886 domi-

302 2941 383 3016 nice
411 2967 509 3017 anno
526 2938 727 3015 millesimo
751 2938 955 3015 centesimo
980 2939 1161 3045 vigesimo
1178 2938 1315 3027 tercio,
1332 2936 1571 3045 pontificatus
1598 2956 1722 3015 autern

285 3038 429 3146 'domni
455 3067 587 3146 Calirti
608 3066 761 3144 secundi
777 3095 873 3173 pape
891 3095 988 3143 anno
1012 3067 1157 3174 quinto.
1173 3104 1186 3134 ι

993 3370 1037 3443 L.

357 3590 523 3695 Jamque·
538 3606 689 3695 tempus
711 3589 924 3695 apostulat
940 3605 984 3664 ut
1004 3584 1050 3663 ab
1072 3574 1319 3664 exteriorflrus
1337 3587 1464 3664 stilum
1487 3615 1719 3685 revocemus,

300 3717 528 3823 qualemque
544 3745 584 3794 se
607 3744 695 3824 erga
715 3718 787 3794 Dei
806 3717 952 3795 cultum
973 3716 1187 3795 exhibuerit
1199 3716 1363 3794 breviter
1376 3717 1613 3824 explicemus.

355 3848 411 3923 Eo
426 3872 590 3952 namque
602 3859 791 3953 tempore,
814 3874 892 3925 non
913 3847 1037 3925 solum
1051 3846 1093 3924 in
1109 3846 1194 3938 hac,
1210 3846 1332 3924 sedin
1347 3845 1719 3930 omnibusFlandra-

301 4002 385 4052 rum
401 3991 440 4052 et
454 4003 551 4081 pene
565 3976 605 4051 in
624 3975 807 4052 universis
830 3971 1034 4053 Gallicanis
1053 3976 1235 4063 ecclesiis,
1254 3975 1502 4054 dissolutione
1521 3977 1717 4084 discipline

299 4105 431 4214 religio
446 4105 651 4184 monastica
664 4104 761 4182 adeo
771 4120 963 4211 tepuerat,
976 4121 1031 4192 ut,
1044 4103 1117 4181 nisi
1125 4104 1303 4182 instantia
1312 4104 1485 4195 ferventi,
1495 4109 1627 4217 corrigi
1637 4137 1716 4189 non

299 4252 437 4343 posset.
461 4230 546 4329 Qua
560 4234 675 4344 igitur
690 4227 903 4323 occasione,
923 4231 1107 4342 quibusve
1122 4232 1422 4325 auxiliatoribus,
1441 4237 1489 4314 rd
1508 4238 1580 4315 hoc
1591 4238 1716 4344 ipsunt

300 4366 404 4445 Deus
423 4367 527 4445 bunc
542 4365 756 4455 accinxerit,
779 4364 968 4444 succincta
985 4365 1150 4442 narratio
1167 4365 1430 4445 manifestabit.
1670 4408 1673 4415 =
