4478 5842
243 555 252 572 .
322 470 396 542 518
660 475 1031 549 CHARTULARIU
1042 478 1077 546 M
1108 476 1406 550 Slrfflsrtss.

321 612 451 690 tutus
469 615 710 697 verodomni
731 616 914 696 Ceiestini
931 617 1093 735 ‘secundi
1112 644 1207 724 papo
1225 634 1326 695 anuo
1351 617 1487 723 primo.
1510 616 1591 692 Fiat
1614 646 1685 722 pax
1703 617 1750 728 iu¹

319 743 455 821 virtute
474 764 539 825 tua
563 765 600 824 ct
619 748 851 825 abundantia
870 749 910 824 in
932 748 1101 826 maribus
1118 748 1207 825 tuis.
1231 749 1392 826 Sanctus
1411 749 1560 836 Petrus,
1586 748 1744 825 Sanctus

319 874 466 952 Paulus.
484 917 496 944 ι

1001 1089 1072 1162 XI.

353 1268 504 1309 EXEMPLAB
527 1269 620 1311 DOMNI
645 1270 751 1318 scvtst,
774 1270 902 1312 episcopt
926 1271 1136 1314 armannum
1157 1232 1195 1313 E‘l’⁸
1216 1270 1308 1312 umus
1330 1267 1394 1313 mot
1416 1269 1560 1323 Quonutrt
1584 1266 1709 1315 11111Δο1,

771 1373 956 1416 ΤΜΒΙΤΙΟΝῙδ
976 1374 1097 1415 statuis
1119 1375 1156 1414 DE
1177 1373 1294 1414 sanctu.

378 1579 390 1606 ι
405 1543 447 1616 lu
458 1543 612 1618 nomine
622 1545 739 1618 Patris
754 1559 792 1617 et
800 1543 829 1615 F
831 1541 886 1616 ilii
899 1559 937 1617 et
948 1542 1108 1646 Spiritus
1122 1541 1265 1626 Sancti,
1278 1570 1400 1617 amen.
1413 1543 1492 1649 Ego
1502 1542 1661 1626 Aivisus,
1675 1539 1746 1617 Dei

320 1672 559 1746 miseratione
579 1671 839 1747 Atrebatensis.
852 1672 1069 1777 episcopus,
1090 1671 1273 1747 universis
1292 1689 1418 1747 sancte
1433 1672 1563 1746 matris
1582 1669 1747 1747 Ecclesie

304 1800 409 1877 tiliis
428 1801 719 1906 imperpetuum.
744 1802 916 1907 Supeme
942 1802 1194 1879 miserationis
1213 1818 1401 1907 respectu,
1423 1800 1470 1876 ad
1491 1799 1564 1874 hoc
1583 1815 1748 1904 pastora-

320 1931 396 2006 lem
414 1960 543 2008 curam
564 1935 795 2039 suscepimus
813 1922 857 2009 et⁴
871 1932 1036 2009 Ecclesie
1056 1933 1221 2040 regende
1242 1930 1538 2031 sollicyudinem
1560 1930 1743 2034 gerimus,

320 2078 363 2137 ut
377 2062 488 2168 justis
505 2063 740 2167 precantium
759 2063 854 2140 votis
873 2062 1075 2152 faveamus,
1094 2080 1133 2138 et
1152 2060 1330 2139 omnibus
1350 2059 1478 2137 divino
1496 2058 1617 2136 cultui
1636 2059 1747 2136 insis-

320 2192 506 2301 tentibus,
526 2210 729 2299 quantum,
749 2193 833 2272 Deo
854 2193 1035 2283 donante,
1059 2219 1279 2299 possumus,
1306 2191 1507 2268 subvenire
1528 2187 1748 2266 debeamus,

321 2324 503 2410 Proinde,
521 2325 627 2431 juxta
652 2325 875 2430 petitionem
899 2341 1023 2414 tuam,
1049 2322 1240 2399 karissime
1265 2319 1379 2399 frater
1403 2322 1497 2411 Leo,
1523 2317 1747 2399 venerabilis

320 2455 435 2531 abbas
458 2458 572 2533 sancti
592 2458 754 2548 Remini,
775 2457 846 2535 tibi
861 2459 1014 2565 tuisque
1036 2459 1315 2537 successoribus
1334 2483 1404 2564 pro
1419 2457 1543 2535 anime
1560 2474 1688 2534 nostre
1708 2474 1748 2534 et
1814 2507 1820 2515 -

321 2586 630 2692 predecessorum
648 2605 867 2665 nostrorum
891 2589 1170 2694 redemptione,
1200 2588 1315 2665 altare
1338 2588 1387 2666 de
1413 2588 1538 2664 Berlin
1563 2605 1745 2694 perpetuo

319 2718 528 2794 tenendum
552 2719 817 2809 concedimus,
852 2737 889 2796 et
915 2721 1144 2797 auctoritatis
1172 2738 1299 2798 nostre
1325 2719 1521 2827 privilegio
1546 2718 1748 2796 confirma-

322 2878 422 2938 mus,
453 2848 552 2926 salvo
577 2851 616 2924 in
644 2849 823 2927 omnibus
844 2851 931 2958 jure
959 2850 1216 2929 Atrebatemis
1235 2851 1398 2957 episcopi
1426 2868 1466 2927 et
1487 2850 1747 2927 ministrorum

322 2977 416 3081 ejus.
446 2977 485 3052 Si
514 2978 601 3082 quis
624 3007 712 3055 vero
733 2980 846 3086 hujus
871 2994 997 3057 nostre
1025 2980 1323 3058 confirmationis
1345 2981 1520 3088 paginam
1546 2980 1747 3057 temerario

322 3135 415 3183 ausu
431 3105 570 3183 molare
589 3110 840 3213 temptaverit,
857 3138 945 3186 cum
963 3111 1118 3189 Simone
1136 3113 1245 3219 Mago
1260 3112 1460 3188 anathema
1475 3111 1535 3188 sit.
1555 3111 1605 3188 Ut
1621 3127 1747 3187 autem

322 3237 435 3343 hujus
456 3238 685 3316 auctoritatis
705 3241 881 3348 paginam
908 3257 1025 3318 ratam
1050 3259 1090 3318 et
1115 3242 1373 3319 inconvulsam
1393 3268 1615 3347 permanere
1639 3239 1749 3318 facia·

322 3394 423 3457 mus,
445 3370 677 3474 presentium
695 3371 851 3448 testium
871 3372 974 3480 signa
990 3371 1186 3449 subnotari
1206 3373 1454 3479 precipimus,
1474 3389 1515 3448 et
1537 3372 1585 3481 sd
1606 3397 1749 3447 memo-

321 3501 415 3575 riam
436 3500 650 3580 futurorum
673 3503 893 3580 conservari.

491 3685 637 3766 «Signum
653 3660 791 3769 prepositi
806 3691 896 3748 sancti
909 3687 1054 3755 Nicholai,
1070 3688 1182 3750 decani.
1199 3686 1324 3770 Signum
1333 3687 1456 3756 Taous,
1471 3685 1604 3748 cantoris.
1622 3684 1748 3766 Signum

532 3787 699 3858 unsrun,
723 3787 887 3853 sacerdotis.
913 3789 1037 3874 Signum
1056 3789 1202 3859 Rossnrr,
1224 3789 1407 3853 subdiaconi.
1433 3788 1560 3873 Signum
1581 3787 1748 3857 Vestram,

531 3890 643 3952 abbatis
672 3892 763 3954 stricti
786 3891 915 3954 vedasti.
938 3891 1066 3975 sigum
1085 3892 1243 3963 Joasmts,
1271 3894 1384 3979 prioris
1411 3892 1539 3975 Sigurm
1568 3891 1749 3958 Vanum,

532 3995 670 4057 monachi
683 4006 713 4058 et
730 3996 896 4058 noudum.
1000 4074 1005 4079 ·

490 4145 500 4171 ι
510 4119 571 4200 Ego
584 4117 721 4188 Marsus,
732 4118 788 4179 Dei
799 4118 984 4179 miseratione
992 4117 1190 4180 dusbatensis
1201 4120 1371 4202 episcopus,
1383 4118 1439 4181 hoc
1448 4117 1632 4203 privilegium
1643 4115 1750 4198 retegi,

533 4221 704 4304 subscripsi,
726 4232 756 4281 et
776 4221 943 4281 innomine
964 4221 1055 4281 Patris
1078 4233 1107 4282 et
1127 4220 1193 4281 Filii
1212 4233 1242 4281 et
1259 4219 1382 4304 Spiritus
1405 4219 1504 4282 Sancti
1518 4220 1637 4303 propria
1655 4238 1749 4278 manu

535 4323 716 4384 confirmavi.

381 4478 540 4555 «Actum
572 4480 757 4567 Atrebati,
783 4509 884 4578 auno
907 4481 1096 4561 dominice
1126 4483 1391 4562 incarnationis
1422 4501 1462 4562 κθ
1485 4499 1521 4562 0⁰
1542 4482 1751 4592 quadrage-

323 4612 419 4687 simo
439 4607 580 4717 primo,
605 4607 812 4687 indictione
834 4618 905 4698 Μ’,
931 4612 1167 4719 episcopatus
1185 4631 1311 4690 autem
1336 4615 1467 4692 domni
1487 4613 1619 4706 divisi,
1641 4613 1751 4690 Atre·

322 4738 487 4820 batensis
507 4739 689 4846 episcopi,
711 4767 809 4815 anuo
830 4756 906 4816 κο.»
