4478 5842
336 441 383 515 7t
686 442 1093 517 CHARTULARlUM
1125 444 1406 518 Sl'l'HlENSE.

333 584 578 690 loqueremur
597 601 692 676 erat,
709 584 956 688 obtaremque
976 610 1019 659 ea
1040 613 1122 690 quae
1143 585 1182 659 in
1199 585 1272 660 hoc
1292 583 1437 661 mundo
1453 586 1566 693 gessit
1585 614 1753 662 summo-

332 733 443 793 tenus
470 713 740 824 perstringere3
762 713 829 790 sed
855 712 1064 788 fatuitatem
1083 742 1206 789 meam
1233 715 1312 819 ipse
1331 715 1588 819 perpendens,
1614 715 1752 793 horreo

333 847 465 923 saltem
485 864 636 954 tangere
652 841 754 951 quod
777 843 843 920 viri
859 843 1073 949 peritissimi
1089 862 1241 950 possent
1259 845 1372 921 etiam
1387 844 1591 922 formidare
1612 877 1620 920 :
1643 875 1754 954 supe·

330 994 414 1053 rant
428 975 529 1053 enim
544 972 843 1080 philosophicam
860 975 1060 1051 mundanae
1075 974 1265 1080 sapientiae
1281 973 1587 1081 disputationem,
1604 974 1751 1054 etiamsi

333 1106 467 1214 aliquis
482 1104 678 1192 cavallino,
700 1103 910 1182 secundum
924 1104 1107 1211 poetricas
1121 1105 1331 1197 finctiones,
1349 1104 1396 1184 ad
1411 1104 1568 1210 plenum
1584 1133 1624 1181 se
1633 1105 1752 1212 jactet
1843 1108 1847 1114 ’

333 1251 501 1338 epotasse
520 1233 676 1310 sontem.
698 1234 784 1309 Haec
804 1233 1046 1312 solummodo
1067 1235 1105 1310 in
1126 1236 1207 1345 ejus
1228 1236 1450 1312 memoriam
1473 1233 1574 1310 latua
1594 1233 1751 1342 garruli·

330 1382 406 1441 tate
427 1363 664 1470 deprompsi3
686 1362 831 1470 reliqua
849 1364 964 1470 ipsius
983 1393 1096 1470 opera
1115 1366 1291 1444 acutioris
1310 1364 1451 1473 ingenii
1469 1364 1551 1441 viro
1571 1363 1749 1470 relinquo

331 1495 597 1602 investiganda,
610 1494 688 1598 ipse
701 1511 864 1600 egomet,
877 1495 906 1570 si
912 1493 1065 1599 juverit,
1079 1497 1192 1572 etiam
1204 1495 1394 1601 deinceps,
1404 1522 1472 1600 pro
1482 1521 1591 1599 posse
1602 1521 1747 1597 meum,

330 1625 393 1701 illa
414 1654 495 1733 quae
515 1622 643 1701 recolo
665 1638 815 1728 paratus
834 1623 882 1699 ad
902 1623 1119 1701 enarranda.

981 1899 1087 1972 LVI.

864 2083 901 2124 BE
922 2081 1076 2123 rntooetso
1097 2080 1214 2122 ΑΒΒΔΤΕ.

386 2280 613 2357 Nantharius
635 2280 779 2354 interea
799 2276 909 2367 abba,
928 2276 1074 2384 junior,
1095 2276 1214 2383 [anno
1237 2275 1295 2351 sui
1316 2273 1508 2382 regiminis
1530 2292 1656 2352 octavo
1677 2272 1746 2352 de-

330 2409 449 2516 cimo]
472 2409 635 2517 migrans
657 2437 677 2484 a
698 2407 843 2500 seculo,
872 2407 1054 2517 regularis
1079 2409 1160 2484 vitae
1178 2406 1346 2513 primum
1373 2386 1646 2485 destructorem
1675 2404 1746 2482 sibi

328 2540 494 2648 reliquid
506 2536 1222 2647 successorem,Fridegisumvidelicet‚
1233 2566 1302 2614 nec
1315 2538 1397 2644 ipso
1412 2537 1566 2615 nomine
1573 2536 1744 2653 dignum,

328 2670 513 2751 abbatem.
530 2671 622 2747 Nam
638 2697 724 2746 cum
743 2669 925 2745 hactenus
942 2696 1042 2745 sacra
1056 2669 1330 2747 monachorum
1345 2666 1492 2776 regula,
1506 2654 1746 2744 miseratione

326 2798 397 2877 Dei
409 2800 421 2887 ,’
444 2801 483 2875 in
506 2799 580 2873 hoc
602 2798 774 2874 coenobio
796 2798 894 2875 soret
917 2806 1148 2887 cohservata,
1175 2814 1363 2875 crescente
1384 2825 1511 2874 rerum
1533 2794 1744 2902 opulentia,

328 2928 521 3004 monachis
530 2927 808 3002 ordinationem
819 2929 1035 3004 monasterii
1052 2928 1127 3018 sul,
1141 2928 1322 3005 abstracta
1335 2926 1494 3019 abbatia,
1510 2927 1626 3035 regali
1636 2926 1747 3004 bene·

328 3058 413 3135 licio
423 3056 462 3133 in
474 3072 643 3135 externas
656 3081 835 3160 personas
844 3074 900 3133 est
909 3056 1143 3134 beneficiata.
1157 3059 1264 3135 Unde
1276 3056 1444 3165 contigit,
1458 3074 1502 3134 ut
1512 3056 1746 3163 supradictus

326 3185 555 3294 Fridegisus‚
585 3212 722 3292 genere
745 3184 887 3296 Anglus
917 3204 954 3262 et
981 3185 1096 3264 abbas
1125 3189 1240 3265 sancti
1268 3187 1418 3264 Martini
1436 3187 1617 3280 Turonis,
1646 3216 1744 3265 anno

325 3315 438 3396 Verbi
455 3316 636 3395 incarnati
647 3341 796 3394 ucccxx.
810 3335 848 3393 et
862 3316 994 3424 prelati
1009 3319 1106 3427 regis
1116 3318 1295 3396 Ludovici
1308 3345 1370 3398 vn.
1382 3317 1569 3395 abbatiam
1585 3314 1746 3395 stthien-

325 3449 372 3524 sis
394 3447 553 3525 coenobii
575 3446 675 3556 regia
701 3447 903 3525 donatione
930 3448 1135 3554 susciperet
1154 3449 1451 3559 gubernandam.
1475 3448 1551 3542 Qui
1572 3448 1611 3525 in
1636 3446 1744 3529 initio
1805 3530 1810 3540 ,

324 3578 522 3656 tirannidis
542 3608 635 3672 suae,
652 3606 739 3653 cum
760 3597 930 3656 cerneret
949 3579 1135 3659 abbatiam
1158 3580 1368 3671 universam
1389 3597 1447 3657 tot
1471 3580 1743 3667 monachorum

324 3706 456 3783 usibus
491 3707 714 3813 delegatam,
745 3725 878 3812 utputa
907 3726 1056 3784 centum
1093 3726 1130 3784 et
1157 3709 1310 3816 triginta
1341 3711 1614 3793 monachorum
1645 3710 1745 3788 inter
1802 3730 1806 3736 '

324 3853 481 3942 utraque
495 3836 719 3913 monasteria
731 3837 846 3914 sancti
858 3837 1001 3915 Bertini
1015 3838 1155 3916 scilicet
1170 3840 1362 3947 sanctique
1375 3839 1593 3932 Audomari‚
1608 3839 1744 3949 degen-

323 3965 437 4057 tium,
466 3963 657 4072 nichilque
682 3995 834 4044 suarum
859 3967 1091 4074 voluptatum
1122 3969 1253 4047 usibus
1268 3977 1565 4076 sequestratum,
1588 3970 1744 4051 avaritie

318 4094 445 4200 jaculo
467 4106 627 4185 cecatus,
655 4096 927 4175 monachorum
957 4099 1199 4205 impudenter
1218 4117 1378 4206 temptat
1397 4100 1509 4176 vitam
1532 4100 1739 4191 destruere,

323 4241 365 4299 ut
383 4255 441 4301 res
454 4254 585 4303 eorum
600 4226 731 4304 usibus
746 4256 766 4303 a
779 4228 958 4306 fidelibus
972 4230 1126 4307 traditas
1141 4260 1217 4307 suae
1233 4229 1387 4307 lasciviae
1403 4231 1587 4336 potuisset
1599 4228 1743 4307 facilius

322 4355 544 4459 mancipare.
568 4356 684 4447 Quod
704 4342 887 4436 diabolica
908 4360 1148 4468 suggestione
1164 4378 1291 4439 mente
1316 4377 1559 4469 conceptum,
1580 4358 1741 4447 nefanda

323 4499 379 4561 est
399 4482 446 4559 ab
465 4482 532 4560 illo
553 4487 828 4590 perpetratione
854 4507 1060 4595 peractum.
1087 4492 1178 4568 Nam
1202 4492 1241 4567 in
1263 4493 1459 4599 capitaneo
1479 4488 1737 4598 apostolorum

206 4683 209 4689 .
323 4642 389 4691 seu
409 4613 525 4691 sancti
543 4616 686 4692 Bertini
709 4616 804 4710 loce,
830 4618 896 4697 ubi
919 4647 1053 4699 txxmn
1073 4624 1248 4701 monachi
1276 4623 1536 4702 deserviebant
1554 4598 1738 4712 Domino,

287 4760 291 4767 '
327 4771 386 4838 nx,
403 4774 473 4851 pro
490 4746 650 4822 humana
661 4748 786 4853 potius
801 4747 914 4827 laude
926 4779 1041 4857 quam
1057 4781 1126 4858 pro
1140 4753 1211 4831 Dei
1226 4782 1370 4846 amore,
1386 4753 1560 4845 retinuit3
1575 4751 1739 4860 reliquos
