4478 5842
579 471 704 552 PARS
731 472 978 580 SECUNDA.
993 515 1043 533 -
1057 472 1269 545 SIMONIS
1295 473 1388 544 LIB.
1415 473 1463 544 11.
1657 469 1730 541 255

312 639 374 689 sex
388 611 530 689 solidos
543 615 756 718 persolvere
769 615 924 705 debent,
942 615 982 690 bi
1001 633 1088 691 sunt
1103 647 1110 690 :
1126 616 1317 695 Walterus
1340 614 1435 689 duos
1451 612 1612 702 solidos3
1629 609 1735 686 Elfri-

312 741 382 817 dus
405 741 605 820 duodecim
627 745 822 836 denarios,
852 745 1068 823 Hemsridus
1090 746 1289 823 duodecim
1309 746 1505 833 denarios;
1527 741 1734 821 Gunsridus

309 874 469 951 totidem
482 908 492 964 ς
503 876 688 983 Aloipbus
701 878 873 954 totidem.
888 879 927 954 Si
939 895 1062 953 auteur
1080 879 1119 953 in
1130 878 1299 987 predicto
1311 878 1491 966 termino,
1511 876 1550 952 bi
1567 875 1732 980 quinque

310 1003 393 1094 viri,
413 1006 469 1081 vel
481 1008 641 1087 heredes
657 1038 786 1085 eorum
801 1026 886 1115 post
898 1037 978 1096 eos,
994 1026 1127 1085 extoto
1143 1038 1296 1085 censum
1314 1036 1390 1083 non
1407 1005 1669 1113 persolverint,
1688 1003 1734 1080 ab

310 1132 460 1228 abbate,
478 1138 537 1214 vei
552 1139 687 1217 nuntio
705 1141 803 1246 ejus,
826 1138 955 1219 comiti
975 1139 1048 1214 boc
1068 1139 1192 1244 ipsum
1213 1138 1459 1219 intimabitur,
1478 1138 1516 1213 Si
1532 1164 1619 1211 vero
1640 1134 1736 1209 inira

311 1265 528 1369 quindecim
546 1269 626 1345 dies
639 1287 724 1373 post
739 1269 950 1372 predictum
960 1268 1181 1358 terminum,
1203 1270 1307 1374 quod
1322 1268 1482 1344 debetur
1501 1265 1734 1372 persolutum

312 1422 389 1473 non
410 1396 539 1489 fuerit,
563 1399 611 1475 de
631 1399 850 1477 comitatura
868 1415 968 1475 terre
987 1399 1180 1505 cujusdam
1197 1398 1376 1477 Rodberti
1395 1398 1442 1472 de
1469 1395 1670 1475 Aldensort
1688 1392 1734 1471 ab

313 1526 447 1604 eodem
460 1529 671 1618 Rodberto‚
689 1531 745 1606 vel
763 1529 903 1605 herede
920 1528 1035 1634 ipsius
1046 1589 1055 1618 ,
1068 1546 1254 1634 quantum
1266 1527 1305 1605 in
1318 1529 1377 1605 bis
1390 1526 1559 1633 quinque
1572 1525 1659 1602 viris
1668 1551 1735 1603 scu

312 1657 517 1735 heredibus
525 1687 674 1750 eorum,
690 1658 737 1735 de
748 1688 826 1736 non
838 1659 1031 1765 persoluto
1046 1687 1160 1736 censu
1176 1658 1353 1749 desuerit,
1368 1658 1494 1734 abbati
1504 1657 1733 1734 restituetur.

312 1784 391 1861 Hoc
401 1785 557 1894 insuper
570 1787 785 1876 sciendum,
804 1790 908 1893 quod
924 1789 972 1865 ad
985 1806 1129 1865 curtem
1143 1787 1303 1880 abbatis,
1321 1789 1422 1893 apud
1436 1787 1563 1865 Scales
1583 1803 1621 1865 et
1634 1786 1736 1891 apud

312 1913 465 2008 Gisnes,
492 1920 738 1996 muniendam
754 1919 929 2024 quotiens
945 1946 1095 1995 neeesse
1112 1919 1238 2007 suerit,
1263 1938 1300 1995 et
1322 1920 1370 1995 ad
1387 1921 1521 1997 domos
1542 1934 1579 1994 et
1601 1919 1736 1995 horrea

313 2045 523 2128 edificanda
545 2069 581 2129 et
600 2050 856 2140 restauranda,
878 2066 919 2129 ct
943 2050 990 2126 ad
1012 2050 1137 2155 ignem
1155 2048 1388 2140 iaciendum,
1414 2050 1519 2126 etad
1543 2047 1735 2125 servitium

312 2179 473 2282 coquine
492 2180 589 2288 ejus,
608 2180 783 2287 quotiens
803 2179 854 2256 ibi
874 2180 1028 2257 veniens
1046 2178 1300 2263 commoratus
1319 2180 1448 2272 suerit,
1469 2179 1576 2256 nullo
1596 2196 1736 2267 contra·

315 2308 479 2402 dicente,
505 2341 548 2387 ex
569 2311 701 2388 eadem
722 2311 810 2389 silva
834 2310 933 2418 ligna
953 2310 1182 2391 sufficienter
1204 2310 1319 2393 abbas
1337 2311 1505 2418 accipiet.
1528 2313 1603 2384 Hac
1623 2309 1736 2416 igitur

313 2443 558 2521 conventione
591 2442 629 2518 in
658 2442 846 2549 presentia
874 2440 1097 2519 clericorum
1123 2470 1298 2520 meorum
1323 2442 1433 2533 sacta,
1464 2458 1501 2516 et
1525 2440 1734 2515 litterarum

313 2572 546 2649 annotationi
577 2572 770 2663 mandata,
803 2589 1004 2680 nostraque
1034 2573 1252 2649 auctoritate
1282 2590 1320 2648 et
1343 2571 1496 2678 proprio
1527 2569 1650 2677 sigilio
1681 2597 1737 2647 co

311 2728 392 2777 ram
407 2703 566 2779 testibus
580 2704 721 2810 signata
741 2721 851 2808 atque
869 2701 1124 2792 corroborata,
1146 2703 1176 2779 si
1198 2702 1282 2808 quis
1298 2702 1492 2781 ecclesiam
1512 2701 1626 2778 sancti
1646 2700 1737 2778 Ber-

310 2831 382 2907 tini
407 2860 450 2908 ex
475 2833 543 2909 hac
566 2833 815 2909 conventione
840 2832 1017 2938 deinceps
1040 2831 1331 2921 defraudaverit,
1358 2831 1733 2910 excommunicationi

312 2962 518 3070 subjaceat,
534 2962 606 3041 nisi
620 2964 811 3070 resipiscat
831 2965 930 3041 etad
951 2964 1257 3041 emendationem
1273 2965 1407 3043 veniat.

482 3148 626 3231 isignum
644 3149 990 3219 Jomnnrs,M01·inensis
1010 3148 1147 3232 episcopi.

367 3331 525 3405 «Testes
550 3329 678 3407 fuere:

458 3496 671 3564 «Herennius,
701 3496 937 3564 archidiaconum
963 3495 1133 3562 Ennomus.
1160 3494 1394 3563 archidiaconum
1419 3491 1600 3561 Wncrmus.
1621 3505 1733 3561 custos.

501 3598 605 3666 Hono,
618 3599 775 3659 canonicus
785 3621 793 3665 t
802 3599 998 3659 Enaunsnrus
1008 3596 1045 3656 de
1056 3593 1192 3663 Keimes3
1206 3597 1386 3663 Liberatus,
1401 3617 1489 3679 nepos
1505 3600 1582 3681 ejus;
1596 3597 1735 3659 Anninus

501 3701 538 3759 de
557 3700 660 3765 Arkas;
678 3700 777 3768 Hunc,
791 3699 886 3760 Malus
902 3701 1032 3763 Vicinus.

369 3879 505 3953 «Anno
531 3877 718 3954 dominice
745 3876 1010 3954 incarnationis
1027 3876 1228 3954 millesimo
1247 3877 1451 3954 centesimo
1469 3905 1589 3969 nono,
1614 3878 1734 3955 indic-

312 4008 413 4097 tione
436 4009 617 4098 secunda,
638 4006 732 4085 sacta
753 4023 809 4084 est
827 4022 926 4085 carta
945 4022 1056 4111 atque
1082 4007 1320 4085 corroborata
1344 4011 1588 4087 Taruenne.»
