4478 5842
333 472 402 542 178
679 468 1082 543 CHARTULARIUM
1115 469 1397 543 SITHIENSE.

986 757 1056 830 IX.

333 955 369 993 DE
390 953 620 996 cousrururtouss
636 952 754 994 CBNOBH
777 954 877 995 saucn
898 954 1035 996 vntuoom
1056 953 1228 1002 senensis,
1251 953 1286 992 BT
1306 954 1467 996 EVENTIBUS
1486 934 1581 999 'lentus
1600 957 1751 1001 reumate.

390 1150 770 1255 Abbatispretitulati
790 1179 889 1228 anno
911 1151 1094 1239 secundo,
1118 1166 1155 1227 et
1181 1167 1369 1257 assumpte
1392 1151 1532 1230 Christi
1553 1153 1753 1229 nativitatis

332 1281 510 1387 vigesimo
543 1281 711 1357 secundo
740 1309 851 1386 supra
883 1279 1147 1372 millesimum,
1177 1279 1355 1357 Flandrie
1386 1306 1513 1358 comes
1547 1281 1753 1359 balduinus

333 1410 527 1502 Barbatus,
555 1412 756 1490 canonicos
784 1410 937 1489 ecclesie
967 1410 1162 1518 collegiate
1187 1428 1403 1488 sanctorum
1430 1411 1581 1488 Martini
1606 1428 1643 1488 et
1662 1413 1754 1491 Vin-
1800 1510 1802 1514 ι

332 1544 415 1620 noci
438 1540 694 1619 confessorum
715 1542 921 1648 expellens,
943 1557 1098 1647 propter
1122 1543 1415 1620 conversationis
1437 1569 1570 1620 eorum
1591 1526 1755 1621 enormi·

331 1688 464 1762 tatem,
490 1669 692 1747 cenobium
721 1688 849 1748 sancto
872 1671 1043 1749 Vinnoco
1074 1670 1122 1748 de
1150 1670 1301 1763 Castro,
1332 1673 1438 1780 quod
1466 1673 1684 1751 fimdaverat
1714 1673 1752 1750 in

331 1805 486 1908 Bergae,
502 1800 606 1892 fecit;
626 1829 772 1906 ponens
791 1799 869 1878 illic
883 1801 1048 1908 aliquam
1061 1819 1207 1907 partem
1226 1831 1474 1881 monacorum
1494 1803 1625 1881 domni
1639 1803 1754 1909 patris

335 1931 494 2021 bertini,
528 1931 728 2037 preficiens
751 1931 894 2009 eisdem
918 1932 1172 2009 venerabilem
1209 1933 1455 2025 Rodericum,
1479 1933 1552 2010 vita
1577 1948 1615 2009 et
1638 1934 1754 2010 mori·

335 2062 406 2138 bus
430 2060 630 2168 insignem,
659 2060 847 2140 subiciens
875 2063 949 2141 hoc
973 2064 1091 2141 modo
1112 2063 1337 2170 jamdictum
1362 2063 1565 2142 cenobium
1591 2062 1755 2141 sithien-

337 2191 439 2268 sibus
462 2191 638 2269 monacis.
666 2190 840 2298 Cumque
865 2192 968 2270 idem
997 2191 1203 2271 Rodericus
1226 2193 1424 2298 septennio
1449 2191 1547 2269 illud
1575 2191 1754 2269 strenuis-

337 2324 430 2400 sime
456 2323 624 2413 rexisset,
644 2351 743 2400 anno
768 2323 967 2401 nativitatis
988 2323 1176 2400 dominice
1199 2324 1366 2400 secundo
1385 2325 1436 2401 de
1457 2325 1620 2433 trigenta
1643 2350 1755 2428 supra

338 2452 598 2543 millesimum,
616 2470 804 2531 crescente
819 2452 999 2559 paulatim
1016 2480 1261 2530 monacorum
1280 2469 1383 2545 cetu,
1407 2454 1582 2530 abbatem
1602 2451 1755 2530 ordine·

311 2566 388 2659 ⁸rit
406 2582 655 2673 Germanum,
674 2577 875 2661 monacum
899 2585 1014 2662 sancti
1033 2584 1193 2675 Bertini3
1214 2584 1297 2691 qui,
1323 2581 1511 2691 completo
1531 2582 1752 2690 quadrienni

336 2715 455 2818 spatio
480 2715 519 2789 in
545 2714 745 2821 regimine,
775 2714 877 2792 diem
899 2714 1006 2793 obiit.
1031 2716 1121 2794 Post
1144 2742 1258 2821 quem
1287 2714 1383 2791 alius
1407 2712 1613 2791 monachus
1635 2711 1755 2790 Berti-

339 2844 478 2933 nensis,
506 2843 564 2917 cui
590 2871 731 2919 nomen
756 2845 985 2936 Rumoldus,
1014 2846 1199 2923 successit.

395 2973 460 3046 His
481 2971 615 3047 diebus
634 2973 768 3047 accidit
787 2973 1011 3051 miraculum
1032 2976 1070 3050 in
1097 2975 1290 3085 Calmont,
1314 2974 1430 3053 sancti
1446 2973 1588 3051 Bertini
1607 2971 1751 3059 villula,

339 3101 385 3176 de
406 3100 573 3206 quodam
587 3099 748 3189 tiranno,
767 3102 848 3208 qui,
867 3131 953 3179 cum
976 3103 1147 3181 ducentis
1167 3105 1376 3212 equitibus,
1398 3104 1488 3178 iiiuc
1507 3103 1756 3210 venitdepre-

339 3229 451 3307 dandi
478 3230 605 3338 gratia.
635 3230 808 3338 Cumque
840 3232 967 3310 omnia
993 3232 1166 3310 animalia
1194 3235 1234 3311 in
1262 3234 1402 3339 campis
1425 3234 1611 3339 pascentia
1632 3248 1757 3307 sustu-

340 3361 443 3439 lisset
476 3360 513 3437 in
544 3390 651 3470 grave
680 3362 890 3470 dampnum
912 3363 1062 3454 civium,
1087 3363 1236 3440 advenit
1258 3363 1460 3450 Vinradus,
1478 3362 1593 3439 sancti
1611 3361 1754 3438 bertini

340 3522 534 3585 monacus,
555 3492 602 3569 ab
623 3492 758 3570 abbate
790 3495 976 3573 Roderico
997 3494 1148 3586 missus,
1173 3495 1254 3600 qui,
1286 3493 1379 3569 dum
1404 3493 1529 3569 eidem
1555 3488 1755 3568 obtulisset

341 3622 519 3700 ducentas
538 3623 682 3710 missas,
707 3650 776 3698 nec
795 3622 860 3700 ille
884 3652 945 3702 eas
964 3640 1204 3732 acceptasset,
1231 3624 1391 3702 demum
1403 3650 1583 3700 monacus
1605 3621 1653 3697 ad
1672 3649 1754 3699 ora-

340 3754 488 3830 tionum
515 3749 682 3855 confugit
706 3749 860 3836 auxilia,
882 3769 920 3829 et
939 3752 1080 3829 audivit
1098 3753 1254 3832 Creator
1281 3753 1384 3859 quod
1408 3752 1551 3859 respuit
1573 3768 1750 3829 creatura.

340 3885 479 3960 Verum
498 3896 652 3985 repente
677 3879 726 3956 de
747 3908 844 3987 equo
865 3881 1004 3988 lapsus,
1025 3885 1165 3962 cervice
1185 3884 1313 3974 fracta,
1332 3885 1537 3962 terminum
1558 3884 1631 3960 vite
1651 3882 1749 3959 iecit.

339 4009 510 4121 Tandem
533 4008 638 4115 quod
658 4010 832 4115 predarat
853 4013 1056 4103 reducitur,
1075 4031 1116 4093 et
1131 4043 1272 4097 nomen
1294 4014 1450 4095 Domini
1465 4012 1649 4090 laudatur.

396 4139 483 4218 Post
497 4140 567 4217 hec
579 4140 767 4246 gloriosus
780 4144 1009 4223 Francorum
1029 4138 1093 4253 r'ex
1104 4122 1291 4225 bobertus
1306 4161 1345 4223 et
1359 4144 1566 4223 Balduinus
1583 4169 1750 4249 magnus,

340 4267 513 4345 Fiandrie
532 4297 676 4362 comes,
694 4272 866 4376 deposito
884 4303 999 4353 onere
1019 4276 1154 4389 carnis,
1176 4304 1196 4351 a
1215 4274 1343 4353 seculo
1366 4274 1583 4381 migrarunt.
