4478 5842
543 475 615 547 274
894 471 1299 557 CHARTULARIUM
1328 468 1608 543 SlTlllllNSE.

543 616 835 723 Ermengerum,
857 614 1030 691 abbatem
1056 643 1184 704 suum,
1217 607 1463 714 complicibus
1483 636 1559 684 non
1581 607 1738 685 minoris
1757 608 1866 713 culpe
1892 608 1961 684 sibi

543 746 735 836 adhibitis,
759 747 895 851 injuste
917 745 1113 832 accusavit3
1142 741 1274 846 illique
1296 739 1468 843 deposito
1493 739 1800 849 succedensper
1819 739 1962 844 aliquot

543 905 660 952 annos
686 876 788 952 idem
811 873 1012 950 cenobium
1029 872 1163 949 tenuit.
1187 869 1280 963 Qui,
1302 869 1527 945 imminente
1549 868 1682 944 mortis
1704 869 1876 957 articulo,
1893 899 1962 974 pu-

540 1004 638 1081 blice
655 1005 845 1082 confessus
857 1020 913 1079 est
926 1021 1069 1108 patrem
1085 1030 1196 1079 suum
1209 1029 1230 1074 a
1245 1027 1283 1073 se
1299 998 1437 1104 injuste
1448 1016 1660 1075 accusatum
1672 1016 1710 1074 et
1723 999 1958 1076 inlamatum.

456 1127 458 1131 ’
540 1135 626 1229 Quo
643 1133 809 1238 sepulto,
828 1149 1048 1222 conventus,
1070 1131 1259 1238 legatione
1271 1130 1429 1234 Romam
1450 1128 1577 1216 missa,
1600 1128 1753 1206 decreto
1765 1158 1874 1235 pape,
1892 1131 1961 1205 Er-

539 1276 782 1369 meng'erum,
810 1264 876 1339 diu
900 1262 1132 1367 depositum,
1155 1259 1344 1347 abbatem,
1369 1276 1413 1335 ut
1431 1259 1577 1366 justum
1602 1258 1695 1349 luit,
1726 1276 1958 1365 receperunt.

540 1394 614 1485 Qui
631 1392 726 1468 infra
739 1392 899 1470 biduum
916 1409 1090 1498 provecte
1108 1392 1216 1489 etatis
1229 1388 1399 1494 bonique
1413 1389 1619 1466 testimonii
1641 1388 1752 1479 obiit,
1772 1406 1810 1467 et
1828 1389 1963 1467 melio·

539 1525 723 1600 rationem
742 1525 798 1600 sui
818 1523 1033 1600 monasterii
1053 1523 1091 1597 in
1110 1549 1226 1596 manu
1239 1519 1310 1596 Dei
1327 1518 1490 1625 reliq'uit.

1559 1666 1581 1711 s

1169 1825 1324 1897 LXXI.

592 2028 796 2133 Bergenses
810 2055 899 2104 vero
910 2027 1076 2102 novitate
1091 2026 1165 2100 vite
1178 2043 1343 2100 veterem
1355 2022 1556 2100 ‘bominem
1571 2020 1746 2101 nolentes
1759 2025 1960 2130 deponere,

538 2157 586 2233 de
599 2157 677 2233 suis
691 2157 932 2248 electionem,
951 2157 1079 2232 animo
1093 2155 1298 2240 obstinato,
1312 2153 1445 2231 fecere.
1461 2153 1539 2230 Sed
1552 2153 1748 2260 episcopus
1762 2148 1962 2243 lobinnes,

537 2314 693 2362 cernens
708 2314 785 2363 non
802 2287 854 2364 sic
869 2303 1060 2392 oportere,
1076 2313 1164 2361 eum
1180 2283 1267 2359 viris
1280 2281 1548 2389 prudentibus,
1563 2284 1725 2388 principi
1738 2301 1837 2361 terre
1853 2286 1965 2362 inno-

535 2416 609 2493 tuit
627 2416 822 2494 ecclesiem
843 2412 1050 2490 desolatam
1064 2415 1139 2489 vita
1158 2412 1374 2490 correctiori
1391 2412 1581 2519 indigere,
1605 2412 1859 2522 de·religiosis
1871 2415 1963 2492 elec-

535 2562 616 2623 tum
635 2544 921 2652 indisciplinatis
935 2544 1110 2623 abbatem
1128 2544 1304 2620 constitui
1321 2538 1473 2619 deberd.
1490 2541 1720 2633 Clementia,
1745 2544 1884 2620 nobilis
1900 2573 1963 2621 eo·

536 2676 692 2764 misisse,
724 2678 876 2753 hortatu
903 2675 1016 2781 patris
1040 2673 1251 2766 Lamberti,
1274 2674 1517 2750 monarcham
1537 2648 1755 2751 Robertum
1765 2675 1960 2793 iuniorem

478 2841 481 2847 ·
536 2806 582 2881 ad
602 2808 674 2881 boc
694 2806 857 2881 deflexit.
879 2806 1016 2882 Comes
1037 2807 1212 2910 episeopo
1228 2805 1267 2879 in
1288 2804 1361 2881 hoe
1383 2804 1589 2894 consensit;
1611 2804 1810 2909 episcopus
1833 2805 1880 2880 ad
1890 2832 1961 2912 pu·

535 2920 930 3027 uenl‘zssertinensium
958 2932 1202 3010 Lambertum
1229 2934 1276 3010 de
1304 2935 1377 3011 hoc
1399 2933 1572 3040 respexit.
1598 2932 1722 3010 Abbas
1748 2962 1860 3040 super
1888 2935 1964 3011 hoc

535 3064 638 3168 prior
654 3034 660 3060 i
700 3080 883 3153 nostrum
900 3064 1116 3136 Hermetem
1132 3063 1438 3141 constituendum
1452 3063 1628 3140 decrevit.
1647 3063 1735 3156 Qui,
1750 3064 1789 3138 in
1806 3062 1963 3141 ecclesia

539 3080 718 3270 ὃίῐὴίἶΞὶ
747 3222 766 3267 a
787 3191 944 3297 pueritia
967 3191 1212 3279 nutritus,*et
1238 3219 1283 3266 eo
1310 3209 1481 3298 tempore
1512 3191 1683 3280 Cluniaci
1708 3221 1961 3287 commorans,

538 3324 625 3399 binc
646 3323 753 3398 ocius
773 3338 965 3398 revocatus
982 3337 1054 3409 est3
1067 3330 1115 3397 'et
1139 3321 1178 3396 in
1198 3319 1298 3398 dict'o
1322 3339 1526 3413 conventu,
1555 3322 1617 3398 die
1636 3325 1796 3428 prelum,
1816 3352 1961 3418 comes,

537 3419 748 3559 epismpbs,
768 3469 873 3558 pater
888 3452 1126 3545 lambertus,
1144 3479 1231 3531 cum
1249 3451 1387 3530 eodem
1400 3453 1596 3542 Hermete,
1614 3451 1866 3562 lrauibuque
1882 3482 1965 3535 nos

536 3585 602 3689 tris
626 3585 675 3661 ad
699 3583 874 3661 ordinem
904 3582 1129 3661 servandum
1155 3580 1353 3673 adhibitis,
1377 3582 1506 3689 bergis
1529 3582 1683 3661 affuere.
1710 3585 1962 3694 bergensibus
2014 3628 2018 3633 ·

536 3690 662 3820 itabue
678 3714 768 3788 hinc
787 3711 967 3818 illincque
985 3712 1176 3818 dispersis,
1202 3730 1280 3789 tam
1301 3711 1504 3817 episcopali
1524 3714 1744 3805 auctoritate
1764 3742 1878 3820 quam
1899 3743 1962 3792 co·

537 3846 639 3923 mitis
661 3844 853 3949 potentia,
872 3845 1046 3928 Hermes,
1068 3859 1307 3923 consecratus
1323 3840 1456 3930 abbas,
1473 3842 1635 3921 cenobio
1648 3845 1828 3953 hegensi
1850 3845 1963 3927 intro

418 4030 421 4037 .
538 3977 700 4079 ducitur.
722 3974 857 4052 Diruta
877 4002 974 4079 pene
995 3990 1107 4080 atque
1129 3972 1345 4080 imperfecte
1366 3973 1509 4065 inuenit
1529 3976 1666 4057 omnis.
1685 3974 1902 4084 Acciugitur
1920 3977 1960 4057 in

537 4136 632 4213 opus
652 4107 740 4196 Dei;
767 4105 884 4185 servet
904 4105 1006 4183 intus
1031 4102 1186 4210 religio,
1210 4105 1317 4211 cujus
1335 4105 1453 4185 virtus
1479 4123 1581 4218 certo
1609 4107 1776 4189 exterius
1793 4105 1963 4187 clarescit

534 4238 688 4315 indicio.
703 4235 986 4314 Convertuntur
1000 4233 1206 4339 secederes,
1215 4251 1372 4312 currunt
1384 4235 1434 4315 ed
1448 4234 1559 4327 vitam
1575 4262 1837 4327 communem3
1848 4263 1963 4342 ques-

536 4395 610 4470 que
628 4365 759 4454 abbas,
786 4381 826 4440 ut
845 4364 961 4441 bomo
976 4380 1143 4454 tantum,
1160 4363 1203 4441 in
1216 4361 1312 4440 facie
1337 4362 1458 4457 novit,
1479 4364 1727 4473 quamplures
1743 4365 1792 4449 sd
1811 4365 1964 4475 religio·
2049 4438 2051 4443 .

537 4523 624 4573 nem
648 4493 826 4596 susceptu
848 4521 943 4595 quos
968 4510 1100 4598 postes,
1125 4494 1241 4593 tetius
1264 4493 1461 4601 religionis
1485 4494 1724 4577 subversores
1753 4513 1793 4579 et
1819 4497 1962 4603 proprii

538 4622 692 4705 honoris
721 4619 972 4715 calidissimos
994 4641 1169 4728 expertus
1196 4641 1253 4702 est
1277 4624 1523 4713 ,insidiatores
1549 4657 1560 4701 ι
1584 4626 1689 4732 quod
1714 4655 1784 4707 suo
1811 4628 1862 4707 in*
1876 4625 1961 4707 loeo

537 4752 801 4852 convenienter
823 4751 1005 4830 dicemus.
1113 4820 1124 4873 a·
1763 4865 1768 4873 Ι
1907 4812 1924 4851 ,
