4478 5842
321 496 367 563 22
669 490 1075 566 CHARTULARIUM
1111 490 1393 564 SITHlENSE.

319 651 443 711 totum
464 651 501 711 et
521 634 568 710 ad
586 634 793 742 integrum,
817 632 949 723 idest,
980 663 1066 710 eum
1087 633 1213 723 terris,
1241 629 1419 710 domibus
1432 620 1675 737 ,'mancipiis,
1696 628 1744 707 la·

319 744 477 856 rin'ariis,
490 766 618 859 vineis,
630 766 701 857 vel,
713 766 894 873 quicquid
905 767 1004 843 inter
1012 795 1052 844 se
1060 780 1395 856 commutaverunt,
1407 764 1517 842 cultis
1528 780 1566 840 et
1576 760 1740 852 incultis,

319 918 357 975 ot
376 901 450 977 hoc
470 901 516 976 ad
536 917 737 1006 praesentes
754 900 927 1005 prasenti
953 917 1125 1005 tempore
1156 897 1357 1003 possedere
1386 896 1445 974 vel
1473 895 1667 973 dominare
1696 893 1744 971 vi-

320 1031 468 1120 dentur,
482 1032 534 1108 ita
554 1049 591 1108 et
606 1032 645 1107 in
666 1047 789 1122 antea,
807 1059 874 1137 per
893 1046 1065 1108 nostrum
1085 1046 1314 1135 praeceptum
1333 1027 1484 1134 plenius
1498 1027 1590 1103 inde
1613 1025 1743 1102 confir

317 1180 478 1253 matum,
501 1180 539 1238 et
557 1162 800 1268 superscripti
815 1163 979 1239 domnus
996 1159 1277 1240 Mummolenus
1298 1159 1494 1265 episcopus
1509 1175 1547 1235 et
1564 1157 1740 1234 Bertinus

317 1293 428 1384 abba,
447 1293 495 1367 de
511 1293 607 1396 ipsas
627 1321 686 1368 res
706 1294 878 1397 superius
892 1295 1104 1371 nominatas
1118 1292 1301 1399 quicquid
1315 1318 1383 1397 per
1397 1320 1512 1368 manu
1527 1304 1653 1367 nostra
1671 1286 1742 1364 luit

318 1423 532 1530 delegatum
552 1421 608 1529 yel
624 1423 834 1510 firmatum,
853 1423 948 1499 sicut
963 1451 1031 1527 per
1046 1424 1179 1499 eadem
1201 1422 1447 1512 declaramus,
1465 1423 1538 1498 hoc
1557 1418 1740 1508 habeant,

316 1572 471 1628 teneant
492 1570 602 1659 atque
623 1554 860 1657 possideant3
881 1553 1032 1659 suisque
1052 1552 1346 1643 successoribus,
1368 1582 1453 1629 cum
1470 1552 1541 1629 Dei
1558 1570 1597 1629 et
1616 1568 1741 1629 nostm

315 1685 446 1789 gratia,
465 1683 747 1789 derelinquant3
763 1684 821 1761 vel
836 1683 1018 1790 quicquid
1034 1685 1168 1761 exinde
1183 1683 1303 1760 facere
1320 1683 1565 1771 decreverint,
1582 1682 1741 1758 liberam

315 1816 353 1889 in
371 1816 550 1891 omnibus
570 1813 733 1891 habeant
746 1833 989 1920 potestatem,
1007 1833 1045 1892 et
1060 1814 1165 1892 nulla
1184 1815 1283 1892 inter
1297 1814 1396 1921 ipsos
1411 1813 1457 1890 lis
1474 1831 1512 1890 et
1530 1812 1737 1904 altercatio,

314 1965 400 2051 post
411 1946 664 2054 temporibus,
679 1963 764 2021 ante
778 1964 977 2052 parentum
993 1962 1210 2023 nostrorum
1226 1944 1377 2052 regibus
1391 1960 1559 2033 manea13
1575 1943 1647 2019 nisi
1662 1962 1738 2020 tam

315 2079 363 2153 de
377 2097 480 2184 parte
493 2079 636 2155 domno
647 2076 910 2154 Mummoleno
929 2077 1118 2182 episcopo,
1139 2103 1251 2181 quam
1266 2075 1363 2157 etde
1376 2073 1651 2153 successoribus
1663 2076 1740 2152 suis

314 2200 605 2315 Noviomagense
622 2208 778 2298 civitate,
793 2205 898 2283 nulla
910 2205 1105 2311 requisitio
1120 2233 1190 2280 nec
1199 2203 1408 2281 remallatio
1422 2205 1505 2292 liat,
1522 2223 1560 2281 et
1576 2208 1623 2283 de
1634 2224 1738 2313 parte

314 2341 467 2417 Bertino
488 2338 621 2416 abbate
638 2338 694 2415 vel
718 2338 834 2444 ipsius
853 2335 1070 2415 monasterii
1091 2336 1236 2425 Sitdiu,
1258 2363 1324 2413 seu
1346 2337 1621 2414 successoribus
1641 2339 1736 2430 suis,

313 2499 389 2546 non
410 2452 501 2561 fiat,
529 2489 567 2547 et
593 2498 664 2546 nec
693 2469 917 2547 successoris
934 2468 1045 2545 vestri
1065 2467 1105 2543 in
1128 2466 1338 2547 curticellas
1357 2444 1638 2573 superscriptas,
1671 2496 1740 2546 nec

312 2601 507 2706 quislibet,
537 2619 580 2677 ut
603 2600 745 2677 dictum
772 2617 845 2690 est,
865 2599 1065 2706 judiciaria
1084 2617 1249 2706 potestas
1273 2598 1418 2676 ibidem
1441 2599 1639 2706 ingredere
1661 2626 1737 2676 nou

312 2749 531 2835 praesumat,
566 2734 637 2807 nisi
667 2760 736 2835 pro
757 2748 884 2808 nostra
899 2731 1088 2808 mercede
1121 2731 1291 2808 habuero
1319 2731 1516 2807 introitum
1541 2731 1735 2839 judicum,

313 2878 545 2935 memoratus
571 2860 668 2937 abba
689 2858 747 2934 vel
774 2888 1006 2936 successores
1030 2862 1089 2936 sui
1115 2861 1260 2937 ibidem
1281 2863 1543 2953 consistentes,
1566 2864 1614 2939 ad
1634 2882 1737 2970 parte

314 2990 431 3091 ipsius
452 2988 684 3079 monasterii,
710 2988 856 3063 valeant
876 2988 1089 3092 possidere,
1111 2989 1273 3094 qualiter
1298 2990 1433 3068 inillis
1462 2993 1671 3072 delectetur
1691 2996 1739 3073 ad

313 3121 392 3222 ipsa
424 3136 547 3197 sancta
574 3119 860 3226 congregatione
879 3148 948 3225 pro
963 3119 1088 3196 nobis
1107 3120 1262 3196 Domini
1287 3122 1582 3201 misericordiam
1597 3126 1740 3234 jugiter
1766 3138 1769 3143 ’

315 3250 526 3355 deprecare.
541 3252 600 3326 ··Et
627 3267 672 3326 ut
695 3251 772 3327 haec
794 3250 994 3356 praeceptio
1025 3250 1172 3327 firmior
1198 3251 1393 3345 habeatur,
1421 3273 1460 3332 et
1482 3286 1502 3331 a
1525 3256 1630 3335 vobis
1655 3286 1739 3336 suc-

314 3380 598 3487 cessoribusque
620 3381 750 3457 vestris
774 3409 842 3487 per
867 3398 1039 3487 tempora
1063 3381 1103 3457 in
1129 3381 1308 3458 omnibus
1333 3405 1584 3481 conservetur,
1607 3416 1677 3467 nos
1700 3409 1739 3467 et

313 3513 485 3615 praecelsa
508 3514 647 3589 domna
670 3529 709 3589 et
726 3511 886 3619 genitrix
908 3529 1051 3605 nostra,
1078 3513 1350 3591 Balthechildis
1373 3518 1518 3625 regina,
1543 3491 1738 3626 signaculo

313 3671 448 3720 manus
463 3645 599 3721 nostris
611 3645 804 3720 noscimur
817 3643 1031 3722 affirmasse.

359 3814 383 3857 ,ιι
398 3776 532 3852 Actum
549 3774 619 3850 sub
633 3774 694 3849 die
708 3774 779 3849 kal.
793 3774 887 3851 febr.
905 3805 1005 3854 anno
1021 3786 1085 3855 v1.⁰
1095 3779 1199 3885 regni
1214 3778 1343 3869 nostri,
1357 3777 1544 3858 Grisciaco
1555 3781 1705 3889 palatio.
1723 3823 1736 3853 ι

988 4079 1060 4155 vl.

381 4281 417 4318 DE
440 4281 606 4322 eutt'tttho
630 4281 713 4320 neam
737 4281 907 4328 subortam,
931 4280 1009 4331 QUOD
1031 4281 1182 4324 cortet'ssff
1204 4283 1310 4324 SANCTO
1333 4283 1459 4323 obstruo
1483 4284 1519 4322 DE
1543 4285 1670 4326 uaslttca

891 4384 1005 4424 SANCTAE
1027 4383 1137 4424 staulffl.

179 4583 242 4637 ota.
353 4561 573 4641 -Inesd'am
603 4590 755 4671 quoque
785 4590 899 4652 ann0,
929 4562 1000 4640 sub
1032 4564 1165 4641 eodem
1197 4565 1367 4672 principe
1399 4564 1617 4658 Hlothario,
1645 4565 1735 4643 fecit

306 4695 444 4775 beatus
455 4676 704 4787 Andomarus,
718 4695 996 4772 Taruennensis
1013 4695 1176 4772 ecclesiae
1192 4697 1401 4803 episcopus,
1421 4697 1564 4774 domno
1579 4678 1734 4776 Bertino

307 4827 544 4937 privilegium
569 4826 732 4906 ecclesiae
759 4855 853 4915 suae,
875 4855 989 4933 quam
1017 4827 1264 4907 inhonorem
1289 4846 1422 4907 sancte
1446 4830 1523 4908 Dei¹
1543 4830 1736 4938 genitricis
