4478 5842
551 483 942 559 PARSSECUNDA.
961 526 1013 539 -
1030 482 1241 558 SIMONIS
1268 484 1359 559 trs.
1386 486 1413 556 l.
1615 483 1686 555 187

276 627 457 733 episcopi,
478 645 537 717 ut,
563 628 602 702 in
630 626 772 703 cunctis
792 623 999 731 parrochiis
1018 652 1111 730 quas
1138 641 1285 703 sanctus
1306 625 1481 703 Bertinus
1507 622 1621 703 habat
1649 623 1689 701 in

273 757 478 835 castellaria
499 759 546 834 de
562 757 751 862 Broburg,
773 756 812 831 in
827 753 1023 847 Flandria,
1038 755 1216 861 quitquid
1232 756 1378 832 decime
1398 754 1446 830 de
1461 780 1556 830 nova
1573 768 1687 841 terra,

272 887 329 963 vel
342 917 410 992 per
421 912 607 966 secenum
619 887 731 963 maris
744 883 803 962 vel
816 913 860 960 ex
874 885 966 963 locis
978 883 1226 990 palustribus,
1244 902 1281 962 et
1299 912 1400 963 nunc
1416 885 1506 962 etin
1522 881 1690 961 flaturum

273 1020 484 1108 accreverit,
511 1019 599 1095 inde
620 1019 711 1095 duas
734 1015 865 1121 garbas
888 1015 1117 1092 hereditario
1135 1017 1220 1123 jure
1240 1033 1389 1093 sanctus
1406 1015 1583 1092 Bertinus
1604 1021 1690 1118 pos’·

272 1147 406 1240 sideat,
429 1176 503 1225 una
524 1174 609 1223 cum
624 1145 962 1223 decimatione-de.
976 1145 1185 1250 berquariis
1206 1163 1244 1221 et
1261 1145 1577 1222 vaccariis-Hanc
1601 1171 1689 1220 vero
1774 1179 1776 1183 ·

272 1278 469 1353 certamin
492 1276 679 1382 presentia
701 1275 873 1353 omnium
897 1275 1044 1350 recitari
1063 1274 1238 1364 lecimus,
1263 1275 1479 1379 cunctisque
1498 1298 1689 1350 assensum

272 1406 533 1509 prebentibus,
564 1405 717 1482 tandem
749 1432 831 1479 eam
859 1405 971 1509 sigilli
997 1405 1115 1480 nostri
1140 1405 1389 1510 impressione.
1416 1404 1547 1481 subter
1569 1403 1691 1509 signa·

272 1535 404 1610 vimus.
427 1535 651 1639 Quicunque
674 1560 779 1622 vero,
806 1534 986 1609 suadente
1010 1533 1178 1625 diabolo,
1200 1536 1340 1611 horum
1361 1533 1533 1609 omnium
1551 1532 1690 1611 confir·

138 1694 146 1706 ·
272 1664 476 1739 mationem
496 1663 633 1739 suturis
652 1662 888 1767 temporibus
908 1663 946 1736 in
967 1662 1095 1768 aliquo
1117 1662 1255 1740 violare
1276 1663 1563 1768 presumpserit,
1586 1691 1690 1738 accu-

272 1809 374 1869 sante
395 1821 450 1882 se,
472 1822 538 1870 sua
558 1792 754 1898 iniquitate
775 1790 979 1882 convictus,
997 1791 1165 1899 quinque
1186 1784 1300 1870 libras
1316 1792 1397 1871 auri
1416 1793 1576 1899 principi
1591 1809 1689 1868 terre

272 1921 482 2026 persolvere
504 1939 668 2029 cogatur,
688 1940 727 1999 et
742 1922 891 2013 irritum
906 1922 972 1999 liat
990 1922 1095 2027 quod
1108 1923 1237 2028 inique
1252 1924 1491 2029 presumpsit.

330 2049 446 2128 «Acta
476 2069 531 2128 ast
558 2055 628 2128 hee
659 2051 893 2128 confirmatio
921 2074 941 2126 a
964 2074 1026 2127 me
1052 2052 1256 2144 Balduino,
1276 2052 1590 2144 Flandrensiurn,
1620 2053 1689 2130 Dei

272 2181 405 2287 gratia,
423 2180 658 2271 marchione,
680 2209 780 2258 anno
797 2178 985 2256 dominice
1005 2178 1270 2257 incarnationis
1289 2180 1491 2259 millesimo
1506 2182 1689 2287 quinqua·

273 2311 415 2416 gesimo
435 2326 554 2400 sexto,
582 2310 788 2388 indictione
813 2331 929 2402 nona,
951 2328 1131 2417 regnante
1155 2313 1318 2389 Henrico
1334 2313 1561 2388 Francorum
1583 2338 1686 2417 rege,

272 2437 312 2513 in
331 2436 418 2514 villa
436 2439 553 2515 saneti
573 2438 794 2530 Audomari,
811 2440 851 2516 in
864 2438 1016 2517 basilica
1031 2441 1148 2517 sancti
1165 2442 1283 2533 Petri,
1302 2442 1364 2518 die
1384 2456 1510 2518 sancto
1526 2439 1690 2544 Epipha-

273 2569 351 2657 nie,
381 2568 586 2645 astantibus
612 2570 725 2675 hujus
747 2570 801 2644 rei
832 2569 990 2647 testibus
1015 2571 1177 2645 strenuis
1212 2572 1317 2661 viris,
1346 2599 1508 2677 quorum
1538 2572 1690 2647 nomina

273 2699 402 2777 subter
419 2716 598 2775 tenentur
613 2700 752 2775 inserta
769 2730 777 2773 ε

421 2880 566 2963 nsignum
588 2882 750 2952 Bannnnu,
765 2882 858 2944 inoliti
872 2882 1058 2944 marchionis.
1080 2883 1205 2965 Signum
1220 2885 1388 2955 Dnoooms,
1410 2887 1539 2969 episcopi
1561 2887 1691 2948 Tarnan-

479 2985 588 3045 nensis.
601 2984 726 3067 Signum
738 2985 888 3055 Gonnum,
900 2986 1116 3047 Cameracensis
1127 2989 1264 3070 episcopi.
1275 2988 1400 3070 Signum
1413 2989 1558 3059 Bovomm
1568 2989 1689 3052 abbatis.

482 3085 607 3169 Qum
629 3089 772 3157 Lanam.
799 3088 921 3149 abbatis.
944 3087 1069 3171 Signum
1093 3090 1247 3161 Eusrsm,
1268 3091 1393 3152 comitis.
1416 3091 1540 3173 Signum
1562 3091 1704 3171 homar}

481 3191 605 3261 wmitis.
633 3190 758 3273 Signum
777 3190 979 3261 beataum,
1003 3192 1126 3253 comitis.
1156 3192 1282 3274 Signum
1308 3194 1442 3255 Roaaurr
1467 3216 1505 3256 na
1524 3194 1690 3258 Baream.

482 3291 606 3375 Signum
625 3295 758 3359 Ronocrr
775 3294 948 3357 Gaudensis.
971 3294 1097 3379 Signum
1116 3295 1225 3359 anon
1246 3296 1462 3360 Attrebatensis.
1478 3298 1602 3382 Signum
1614 3299 1692 3362 Gas-

481 3412 617 3465 nonnum,
638 3397 777 3458 advocati.
794 3397 919 3479 Signum
940 3400 1079 3460 lusurus.
1103 3397 1226 3481 Signum
1247 3399 1352 3460 Anonrr
1369 3401 1405 3460 de
1428 3400 1549 3461 Hasdin.
1567 3398 1691 3481 Signum

470 3490 628 3566 -Bcvarur,
658 3480 768 3559 militis.
792 3499 916 3581 Signum
941 3499 1095 3569 Hussart,
1116 3500 1227 3561 militis.
1251 3498 1378 3582 Signum
1400 3500 1560 3572 Wuram,
1579 3498 1691 3563 militis.

432 3666 439 3675 ‚
483 3596 608 3680 Signum
621 3599 809 3670 Cassarum,
825 3603 970 3684 scriptoris
988 3601 1079 3685 hujus
1092 3601 1242 3684 prisilegii.
1258 3626 1270 3657 a

327 3757 414 3833 Duo
441 3772 530 3833 sunt
557 3759 752 3864 originalia
775 3758 888 3868 sigilli
906 3760 1081 3879 'ejusdem
1108 3760 1256 3840 comitis
1275 3760 1432 3870 signata,
1459 3780 1498 3840 et
1521 3760 1690 3870 ejusdem

271 3885 459 3991 scriptoris
477 3913 592 3962 manu
611 3882 755 3992 scripta.

812 4244 814 4248 ¹
939 4136 1025 4220 xv.

629 4342 667 4383 os
688 4343 830 4386 rnausrrn
852 4323 1184 4390 vmsuaaurs'novoms
1203 4346 1332 4392 sanans.
1392 4339 1396 4346 '

328 4515 426 4593 Cum
454 4518 567 4625 igitur
593 4519 696 4595 idem
719 4520 775 4598 vir
801 4522 1042 4614 venerabilis,
1082 4525 1237 4632 expletis
1271 4524 1497 4632 quibusdam
1529 4521 1689 4640 negotiis
1784 4571 1793 4604 ι

26 4721 31 4729 .
271 4662 426 4752 propter
449 4675 525 4754 que
549 4649 708 4727 Romam
731 4650 844 4744 ierat,
867 4653 957 4731 inde
976 4671 1243 4747 resonantur,
1260 4654 1439 4763 reliquias
1458 4660 1576 4737 uncti
1598 4662 1689 4741 Dio-

271 4775 383 4882 nysii,
406 4805 514 4885 quas,
535 4806 606 4884 pro
623 4778 905 4878 benedictione,
925 4784 1030 4890 apud
1047 4775 1250 4865 cenobium
1273 4786 1686 4893 ejusdemnartinisin

1426 4914 1475 4978 ²4·
