4478 5842
540 474 661 546 mss
688 471 1220 545 sueonos-sinonis
1248 473 1340 544 urs.
1368 428 1435 544 ns
1625 475 1696 542 227

285 634 403 694 vestre
423 615 557 693 collata
575 632 679 707 sunt,
706 643 783 691 non
804 615 843 690 in
864 615 1108 721 proprietates
1128 642 1389 702 monacorum,
1417 642 1494 690 non
1516 614 1556 689 in
1571 631 1700 719 turpes

282 775 371 823 usus
387 746 611 825 secularium
625 747 760 822 misera
777 747 937 823 vanitate
959 762 1245 833 consumuntur,
1266 745 1336 821 sed*
1348 744 1541 860 hospitum
1558 772 1701 849 suscep
1766 840 1772 849 ¹

282 877 393 968 tioni,
423 906 630 983 pauperum
656 876 895 966 recreationi,
924 873 1122 951 sufficienti
1152 875 1447 951 domesticorum
1474 874 1703 951 administra-

170 986 176 992 ⁵
282 1007 392 1097 tioni,
407 1008 565 1084 lronesta
581 1025 619 1083 et
633 1004 803 1082 rationali
817 1004 984 1111 largitate
1001 1005 1273 1110 dispensantur.
1291 1005 1410 1110 Hujus
1425 1005 1539 1112 igitur
1547 1006 1603 1081 rei
1617 1031 1701 1080 con·

282 1137 529 1229 sideratione‚
551 1163 699 1213 necnon
718 1152 755 1211 et
773 1135 1121 1211 archidiaconorum
1144 1151 1359 1210 nostrorum
1378 1134 1567 1242 Drogonis
1588 1152 1700 1240 atque

283 1268 435 1342 Roberti
464 1267 645 1356 consilio,
674 1269 744 1343 hec
771 1264 917 1355 altaria,
946 1264 1004 1339 his
1031 1264 1251 1340 nominibus
1281 1282 1510 1370 nuncupata,
1540 1264 1697 1351 Anesin,

282 1396 465 1488 Werlrin¹,
475 1396 655 1488 Salomes,
669 1398 822 1501 Hautay,
838 1424 923 1470 cum
938 1393 1175 1498 appenditiis,
1190 1394 1379 1499 cappellis,
1395 1395 1440 1469 ad
1455 1391 1700 1471 relectionem

283 1521 438 1602 fratrum
453 1526 558 1604 vobis
570 1544 752 1631 perpetuo
762 1526 847 1630 jure
860 1523 1088 1628 possidenda
1099 1524 1283 1615 concessi,
1305 1524 1412 1600 salvis
1428 1524 1607 1600 duntaxat
1620 1551 1702 1600 nos

281 1655 348 1731 tris
359 1673 398 1732 et
407 1656 660 1768 archidiaconi
672 1655 1006 1760 ministrorumque
1015 1671 1233 1730 nostrorum
1246 1653 1597 1743 consuetudinibus,
1605 1654 1701 1731 sicut

281 1784 550 1876 Attrebatensis
564 1787 718 1863 ecclesie
732 1785 931 1863 canonicus
941 1812 1024 1860 mos
1039 1784 1184 1892 erigere
1198 1784 1452 1891 cognoscitur3
1466 1786 1539 1861 hoc
1549 1784 1702 1889 insuper

282 1914 428 2009 addito,
443 1934 487 1994 ut
499 1946 564 1996 vos
578 1917 764 2023 vestrique
777 1940 1024 2005 successores,
1038 1914 1108 1989 nisi
1125 1933 1341 2019 preostenso
1355 1919 1584 2022 competenti
1601 1945 1704 1995 excu-

282 2047 442 2139 satione,
461 2047 693 2124 celebrandis
708 2045 850 2123 sinodis
869 2044 1006 2121 nostris
1025 2048 1103 2119 non
1123 2045 1288 2121 omitatis
1306 2047 1497 2124 interesse.
1522 2049 1702 2156 Quisquis

284 2178 409 2283 itaque
429 2179 525 2254 hanc
542 2196 710 2255 nostram
731 2176 976 2255 donationem
996 2173 1169 2280 quolibet
1187 2175 1303 2252 modo
1328 2176 1534 2283 infringere
1554 2178 1612 2256 vel
1632 2181 1704 2257 vio

284 2307 360 2383 lare
378 2307 661 2413 presumpserit,
677 2308 712 2383 si
734 2335 811 2384 non
830 2306 1078 2410 satisfactione
1099 2333 1261 2414 congrua
1280 2306 1459 2385 delictum
1487 2336 1597 2387 suum
1623 2339 1703 2387 cor-

285 2439 437 2530 rexerit,
455 2439 493 2514 in
511 2439 711 2516 tremendo
732 2439 904 2514 examine
925 2454 1052 2513 eterne
1069 2437 1292 2513 districtioni
1310 2440 1514 2546 subjaceat.

341 2567 501 2645 «Actum
522 2569 621 2672 apud
633 2568 821 2645 Sithiense
835 2567 1125 2657 monasterium,
1149 2595 1249 2644 anno
1271 2568 1460 2645 dominice
1485 2569 1705 2651 incarnatio·

285 2700 342 2775 nis
356 2699 559 2776 millesimo
577 2699 782 2775 centesimo
797 2697 976 2803 vigesimo
1000 2697 1136 2787 tercio,
1160 2697 1366 2776 indictione
1390 2701 1533 2804 prima,
1557 2729 1705 2807 presen-

284 2827 385 2904 tibus
401 2829 559 2934 ydoneis
577 2828 756 2918 testibus,
777 2855 941 2934 quorum
961 2826 1023 2902 hic
1041 2826 1295 2921 subnotantur¹
1310 2829 1481 2935 nomina.

497 3008 642 3092 .signum
653 3010 801 3080 Rosssrr,
819 3009 1027 3072 Attrebatensis
1045 3012 1181 3095 episcopi.
1198 3010 1323 3095 Signum
1336 3010 1488 3079 Dnoeours
1505 3028 1535 3077 et
1558 3015 1705 3087 Bessan,

431 3158 440 3172 .
538 3112 817 3199 archidiaoonorum.
838 3113 963 3195 Signum
984 3112 1097 3192 Auvrsr,
1115 3116 1335 3198 Aquiscinensis
1355 3117 1477 3179 abbatis.
1501 3117 1628 3201 Signum
1643 3120 1705 3184 Hu-

537 3234 638 3287 oosu,
660 3219 797 3301 prepositi
815 3217 1008 3279 betuniensis.
1029 3217 1154 3299 Signum
1174 3220 1336 3289 Warussr.
1349 3223 1461 3283 decem.

434 3333 516 3416 «Ego
534 3336 700 3406 sissimo,
716 3335 921 3404 cancellarius,
940 3336 1130 3419 subscripsi.»

940 3598 1049 3675 XVI.

288 3802 438 3843 susurrus
453 3800 545 3841 carre
566 3801 628 3850 ros,
651 3799 797 3844 essenose
813 3799 968 3843 corruisse
986 3799 1189 3851 sozomenus,
1212 3802 1249 3843 ne
1271 3800 1416 3845 rounam
1440 3803 1590 3847 cuiusnam
1612 3808 1706 3848 rurae

859 3903 957 3944 saucrr
975 3902 1098 3945 aarum
1109 3883 1130 3943 ¹.

347 4101 415 4175 «ln
436 4100 589 4175 nornine
605 4112 728 4174 sancte
744 4116 782 4175 et
794 4097 987 4207 individue
1003 4100 1206 4178 Trinitatis.
1227 4102 1325 4178 Cum
1336 4121 1481 4183 constet
1495 4108 1706 4215 unicuique
1794 4119 1872 4189 ¹⁰9³

289 4229 428 4308 incerta
448 4246 486 4306 et
509 4230 678 4306 eminens
702 4258 819 4323 mors,
841 4259 954 4338 quam
976 4231 1225 4308 necessarium
1250 4231 1361 4310 nobis
1384 4235 1432 4312 sit
1452 4236 1560 4313 saluti
1576 4256 1705 4317 nostre
1763 4333 1768 4341 Ι

289 4359 399 4437 bonis
414 4360 591 4467 operibus
605 4360 970 4469 elemosinarumque
985 4362 1245 4470 largitionibus
1264 4364 1471 4443 insistendo
1487 4367 1704 4459 consulere,

344 4587 350 4616 ¹
375 4589 497 4651 Sanctus
518 4590 640 4652 limatus
663 4592 831 4674 episcopus,
857 4603 995 4673 patronus
1022 4591 1060 4652 de
1087 4592 1220 4661 Warkin,
1248 4593 1299 4655 ubi
1320 4595 1408 4655 etiam
1432 4609 1549 4659 sanctus
1576 4596 1710 4659 Bertinus

290 4690 376 4753 habet
391 4693 476 4752 altam
486 4694 728 4778 jurisdictionem.
746 4696 794 4755 Ea·
805 4695 927 4779 moryius
939 4693 1050 4756 Codicis.

332 4791 442 4875 'Apud
460 4795 604 4864 Minoum,
628 4795 703 4879 Oper
723 4796 828 4878 diplom.
848 4807 917 4858 tom.
940 4797 967 4866 l,
984 4818 1049 4879 pag.
1067 4818 1117 4880 79-
