4478 5842
325 462 413 559 llll,
661 468 1075 541 CHARTULARIUM
1110 468 1402 545 SlTHlENSE.

319 607 487 685 rabiliter
507 611 696 700 restituto,
722 610 853 716 quanti
874 611 913 686 in
936 612 1017 717 ejus
1036 590 1260 727 pectusculo·
1276 604 1518 689 habundabat
1541 613 1738 705 exultati0,

318 756 500 844 quantave
511 769 612 817 arcas
625 741 746 819 virum
758 742 829 817 Dei
843 742 1053 818 exercuerit
1068 742 1281 818 condecens
1296 744 1501 834 veneratio,
1519 773 1595 820 non
1611 763 1737 822 nostre

318 869 399 974 opis
418 886 472 946 cst
489 871 823 976 comprehendere.
843 872 980 949 Comes
1001 873 1125 979 igitur,
1138 872 1314 949 beneficii
1336 874 1460 950 collati
1479 892 1738 952 remunerator

318 997 617 1090 liberalissimus,
649 1001 770 1076 virum
799 1003 870 1078 Dei
899 1002 1029 1078 multis
1056 1020 1256 1106 peroptans
1291 1005 1465 1108 premiari
1494 1005 1733 1094 muneribuS,

318 1131 495 1207 omnibus
507 1132 655 1235 spretis,
672 1133 799 1207 comiti
815 1133 1053 1237 respondisse
1065 1132 1186 1208 fertur
1202 1166 1210 1209 ε
1230 1135 1295 1209 «Si
1308 1135 1650 1240 nostra,inquiens,
1672 1137 1737 1211 de-

317 1258 555 1366 reliquimus,
576 1263 772 1366 quomodo
791 1261 913 1337 aliena
931 1262 1204 1365 accipiemusln
1221 1263 1470 1340 sacramentis
1489 1282 1617 1341 tamen
1636 1265 1739 1340 terri·

315 1388 458 1468 bilibus
473 1393 675 1468 obstrictus
691 1421 833 1481 comes,
846 1394 904 1467 vir
919 1394 1072 1467 tandem
1090 1392 1285 1497 compellit
1298 1412 1341 1469 ut
1356 1424 1507 1470 suarum
1521 1394 1738 1471 facultatum

318 1522 487 1598 decimus
506 1538 728 1626 acceptaret,
752 1540 807 1611 et,
829 1539 872 1597 ut
890 1522 1059 1627 prudens
1084 1523 1328 1627 dispensator,
1357 1525 1638 1602 consideranter
1665 1525 1742 1601 dis·

318 1668 506 1755 pensaret,
529 1668 567 1725 et
585 1651 656 1727 hoc
678 1679 829 1756 quoque
855 1651 957 1755 prius
978 1650 1175 1726 humiliter
1195 1652 1512 1758 declinavitquod
1529 1655 1742 1759 paulopost

318 1810 394 1858 non
413 1782 550 1887 cupide
571 1782 751 1885 suscepit,
770 1810 861 1887 quas
881 1781 1057 1887 prudenti
1081 1782 1380 1859 consideratione
1404 1783 1622 1888 dispertivit.
1646 1786 1739 1860 Item

317 1930 355 1988 ct
373 1929 563 2019 quotquot
583 1911 817 1987 abbatiarum
846 1939 972 1986 comes
993 1929 1225 1988 memoratus
1246 1911 1408 1987 habebat
1435 1944 1500 1991 sua
1520 1915 1590 1991 sub
1615 1932 1741 2019 potes-

316 2061 407 2134 tate,
424 2042 518 2119 utile
534 2041 606 2117 sibi
619 2043 740 2118 visum
755 2058 812 2117 est
823 2042 1126 2146 procurationem
1145 2042 1246 2117 dicto
1264 2042 1431 2119 Gerardo
1446 2044 1738 2151 commendare]

373 2172 434 2250 Ob
453 2173 522 2248 hac
543 2173 659 2279 igitur
679 2201 787 2248 causa
812 2171 1102 2278 [venerandum]
1121 2171 1331 2249 Gerardum
1356 2175 1546 2279 quendam
1566 2174 1739 2252 abbatem

317 2305 365 2379 ad
389 2298 428 2379 s‘e
453 2304 642 2383 advocavit
662 2302 723 2411 [ut
743 2302 947 2380 cenobium
969 2302 1072 2380 istud
1100 2304 1217 2379 sancti
1243 2304 1410 2393 bertini,
1432 2305 1670 2411 regularitate
1691 2285 1750 2383 vi·¹

317 2435 492 2522 duatum‚
514 2434 563 2512 ad
580 2433 782 2541 pristinum
810 2451 934 2510 sancte
956 2432 1086 2541 regule
1109 2434 1293 2510 honorem
1315 2435 1519 2526 stabiliret,
1542 2454 1580 2512 et
1595 2454 1639 2513 ut
1656 2465 1741 2543 por-

316 2596 459 2644 versam
475 2566 810 2667 consuetudinem,
836 2594 883 2641 ne
902 2563 1044 2642 scilicet
1067 2564 1113 2640 de
1133 2582 1257 2641 cetero
1276 2566 1460 2644 seculares
1478 2567 1543 2642 viri
1562 2567 1740 2644 abbatum

318 2696 483 2773 officium
500 2711 739 2801 usurparent,
756 2695 927 2773 funditus
948 2694 1160 2802 evelleretl,
1183 2713 1322 2774 etcum
1338 2696 1427 2803 ipsis
1443 2698 1742 2774 monachistrac-

317 2827 528 2931 tare'cepit,
551 2827 580 2901 si
602 2825 697 2901 forte
719 2826 765 2900 ad
787 2853 1013 2902 consensum
1029 2826 1121 2902 honi
1135 2827 1281 2904 consilii
1299 2856 1433 2903 corum
1448 2829 1616 2903 animum
1634 2826 1742 2905 incli-

318 2988 406 3036 nare
426 2975 562 3064 posset.
587 2957 761 3063 Cumque
782 2956 857 3046 illi,
877 2956 917 3032 in
934 2956 1185 3035 obduratione
1210 2958 1347 3034 mentis
1369 2975 1648 3063 permanentes,
1673 2986 1743 3035 nec

279 3109 300 3129 ‘
318 3090 430 3166 minis
451 3118 520 3166 nec
542 3086 843 3163 blanditionibus
862 3089 1117 3174 flecterentur,
1142 3088 1210 3163 hos
1240 3089 1287 3163 de
1316 3090 1544 3166 monasterio
1569 3089 1743 3195 praecepit

318 3218 438 3309 abire,
456 3247 556 3295 anno
568 3217 820 3294 saluberrimas
836 3217 1036 3295 nativitatis
1049 3217 1166 3292 Jhesu
1181 3217 1321 3292 Christi
1332 3217 1487 3293 Domini
1503 3243 1739 3306 ucecorrtrru,

320 3376 401 3429 rvrr.
423 3348 494 3427 lral.
515 3348 610 3435 mai3
632 3348 777 3454 ipsique
799 3345 967 3423 Gerardo
988 3344 1131 3435 abbati,
1154 3345 1217 3450 qui
1237 3373 1333 3448 pene
1359 3344 1463 3422 solus
1483 3364 1520 3421 et
1540 3346 1683 3450 primus
1703 3349 1742 3422 in

318 3480 484 3558 occiduis
504 3477 696 3585 partibus,
722 3476 867 3553 ultimis
887 3474 1139 3579 temporibus,
1165 3474 1347 3580 regularis
1367 3476 1449 3551 vitae
1472 3503 1643 3550 normam
1665 3503 1743 3553 ser·
1857 3514 1860 3519 ·

317 3611 440 3700 vabat,
458 3640 545 3687 cum
561 3608 755 3685 monachis
772 3635 792 3681 e
809 3605 963 3682 diversis
980 3604 1073 3680 locis
1088 3604 1273 3692 collectis,
1292 3589 1457 3680 eundem
1470 3604 1742 3682 monasterium

317 3739 472 3816 tradidit
492 3737 712 3842 regulariter
731 3735 1038 3840 gubernandum.
1056 3736 1144 3811 Erat
1163 3751 1289 3810 autem
1307 3735 1438 3842 populi
1460 3734 1507 3810 ad
1527 3735 1599 3811 hoc
1618 3734 1742 3840 ipsum

318 3867 572 3976 spectaculum
593 3864 807 3973 congregati
824 3893 901 3940 non
922 3866 1023 3971 parvi
1044 3866 1231 3957 numeris,
1251 3882 1405 3971 eratque
1424 3867 1551 3942 videre
1570 3864 1742 3943 dolorem

318 3999 460 4077 cunctis
490 3997 529 4072 in
558 3997 833 4086 monachorum
859 3996 960 4073 exitu
989 3997 1262 4103 permaximum
1288 4012 1326 4072 et
1353 3996 1523 4072 lacrimas
1552 3996 1592 4073 in
1624 3995 1743 4072 oculis

318 4128 590 4236 plurimorum,
609 4127 945 4233 turbationemque
962 4127 1133 4236 ejusdem
1150 4127 1221 4205 loci
1242 4126 1473 4205 famulorum
1492 4155 1579 4203 cum
1597 4125 1742 4231 reliqua

317 4257 562 4335 multitudine
582 4257 773 4365 plebium,
798 4258 835 4333 in
856 4257 1063 4363 monachos
1082 4257 1272 4365 regulares
1292 4276 1330 4335 et
1356 4259 1395 4334 in
1415 4259 1541 4362 ipsum
1565 4256 1742 4332 comitem

315 4389 508 4495 insurgere
536 4388 756 4465 volentium.
786 4389 925 4467 Comes
951 4406 1095 4478 autern,
1120 4404 1207 4492 post
1232 4416 1296 4464 eos
1323 4387 1509 4494 dirigens,
1541 4386 1682 4491 rogavit
1701 4402 1744 4461 ut

315 4536 609 4610 reverterentur;
626 4518 851 4625 promittens
871 4519 999 4596 omnia
1019 4547 1057 4596 se
1083 4518 1136 4596 eis
1155 4520 1333 4594 daturum
1357 4517 1577 4606 necessaria,
1594 4533 1742 4593 tanturn

317 4666 375 4744 ut,
402 4663 631 4728 revertentes
650 4650 699 4727 ad
723 4650 919 4757 proprium
944 4651 1088 4740 locum,
1113 4649 1383 4756 profiterentur
1405 4677 1444 4726 se
1467 4649 1640 4726 ordinem
1665 4673 1742 4722 sen-

317 4750 401 4863 vaie
420 4780 680 4863 monasticum.
701 4778 749 4859 At
772 4777 826 4858 illi
852 4779 892 4856 in
912 4778 1099 4857 sententia
1118 4796 1413 4888 perseverantes,
1430 4805 1518 4857 cum
1533 4803 1667 4886 magna
1681 4800 1740 4853 se-
1850 4802 1855 4813 ·
