4478 5842
590 502 716 577 PARS
751 497 1259 591 nultra-FOLQUINI
1284 498 1378 571 LlB.
1405 502 1432 571 l.
1672 504 1718 574 21

303 645 415 723 deant
436 646 648 752 deprecare.
678 645 797 754 Igitur
816 642 1044 752 apostolicus
1069 644 1126 722 vir
1144 641 1446 734 Mummolenus,
1467 642 1726 721 Noviomensis

217 822 231 847 κ
301 777 407 855 urbis
428 777 642 885 episcopus,
657 804 806 858 necnon
829 792 867 853 et
884 775 1108 854 venerabilis
1120 775 1176 852 vir
1189 775 1382 864 Bertinus,
1401 772 1497 851 abba
1513 773 1560 850 de
1577 749 1727 851 anonas—

300 908 397 986 terio
418 908 564 999 Sitdiu,
582 911 649 1017 qui
666 908 824 1015 ponitur
845 906 884 983 iu
904 935 999 1015 pago
1015 907 1275 999 Taruanense,
1300 934 1502 1013 aquorum
1527 904 1728 983 amborum

301 1064 417 1144 opere
436 1041 504 1117 visi
524 1040 678 1117 luerunt
697 1037 899 1127 aedificare,
922 1055 960 1115 et
987 1055 1043 1116 est
1068 1038 1278 1116 inhonore
1303 1056 1437 1115 sanctae
1457 1036 1599 1125 Mariae,
1623 1035 1730 1143 geni-

300 1167 403 1245 tricis
425 1170 581 1248 Domini
601 1170 719 1247 nostri
741 1169 857 1246 Jhesu
883 1167 1044 1260 Christi,
1073 1196 1222 1245 necnon
1248 1186 1287 1245 et
1308 1168 1424 1244 sancti
1446 1167 1546 1244 Petri
1567 1183 1606 1244 et
1623 1164 1729 1243 Pauli

300 1298 575 1402 apostolorum,
590 1298 650 1377 vel
666 1316 888 1375 caeterorum
906 1298 1138 1377 domnorum
1155 1314 1387 1384 sanctorum,
1409 1312 1664 1385 constructus3
1682 1296 1730 1372 ad

299 1427 537 1532 praesentiam
559 1444 726 1506 nostram
751 1427 962 1519 venientes,
994 1414 1203 1503 clementiae
1227 1425 1332 1531 regni
1353 1425 1473 1501 nostri
1509 1425 1731 1503 detulerunt

301 1558 452 1649 notitia,
475 1575 519 1635 ut
535 1558 659 1665 aliqua
675 1555 811 1635 locella
829 1585 963 1633 eorum
983 1584 1147 1667 congrua
1168 1573 1205 1632 et
1232 1572 1462 1662 opportuna,
1479 1573 1556 1633 tarn
1576 1556 1616 1632 in
1633 1584 1729 1664 pago

302 1687 549 1766 Constantino
569 1716 683 1794 Qum
699 1686 739 1763 in
755 1686 1073 1798 Noviornagense,
1094 1685 1152 1764 vel
1168 1687 1454 1775 Cameracense,
1472 1686 1730 1768 seuVerman—

302 1818 439 1911 deuse,
466 1817 686 1927 ubicunque
714 1847 926 1927 congruum
958 1817 1086 1898 locum
1108 1819 1346 1911 advenirent,
1374 1818 1473 1896 inter
1497 1846 1537 1895 se
1564 1847 1729 1898 commu·

300 1966 380 2028 tare
403 1950 598 2027 deberent.
624 1949 715 2026 Ideo
730 1951 924 2056 petierunt
947 1949 1058 2028 nobis
1080 1949 1312 2028 unanimiter
1327 1949 1539 2028 antedictus
1564 1950 1729 2029 domnus

301 2079 585 2156 Mummolenus
617 2080 816 2185 episcopus
835 2107 902 2157 seu
929 2079 1165 2157 venerandus
1185 2067 1243 2156 vir
1266 2080 1444 2157 Bertinus
1467 2079 1578 2174 abba,
1607 2100 1651 2159 ut
1676 2083 1730 2160 eis

301 2208 493 2286 licentiam
521 2208 688 2287 tribuere
713 2207 958 2299 deberemus,
990 2227 1067 2286 tam
1093 2211 1141 2289 de
1165 2226 1272 2316 parte
1299 2209 1442 2287 domno
1468 2211 1729 2294 Mummoleno

303 2338 478 2447 episcopo
493 2339 552 2419 vel
569 2339 714 2417 civitate
731 2341 980 2420 Noviomense
996 2340 1111 2447 ipsius
1125 2339 1362 2448 pontificato,
1381 2368 1495 2445 quam
1509 2357 1547 2416 ct
1562 2341 1608 2416 de
1624 2360 1729 2447 parte

301 2469 417 2577 ipsius
446 2472 599 2551 Bertino
620 2472 754 2550 abbate
774 2472 833 2551 vel
863 2473 1081 2550 monasterii
1101 2472 1158 2550 sui
1177 2472 1319 2561 Sitdiu,
1347 2469 1656 2576 quandoquidem
1678 2475 1730 2552 eis

302 2603 570 2709 complacuerit
595 2620 633 2680 ct
654 2602 780 2681 locum
810 2602 1041 2695 invenirent,
1072 2581 1262 2680 licentiam
1288 2617 1454 2678 nostram
1481 2600 1645 2679 habeant
1676 2603 1730 2681 la-

301 2732 490 2810 ciendum.
521 2734 753 2811 Invenerunt
771 2732 870 2808 inter
888 2759 928 2808 se
948 2732 1063 2809 ambo
1083 2730 1218 2809 locella
1237 2730 1361 2838 aliqua
1387 2732 1448 2809 his
1475 2734 1695 2813 nominibus
1719 2769 1727 2813 :

300 2862 434 2954 Vallis,
463 2890 578 2968 quem
606 2861 653 2938 de
682 2878 788 2969 parte
807 2860 1012 2939 venerabili
1039 2861 1119 2939 viro
1138 2860 1388 2953 Ebertrarnno
1408 2861 1541 2940 abbate
1563 2863 1611 2941 de
1631 2865 1729 2944 basi-

242 3000 245 3004 ’
300 2989 372 3068 lica
387 2991 502 3069 sancti
519 2990 709 3085 Quintini,
731 3019 801 3098 pro
815 2990 887 3069 alia
900 2988 1005 3083 villa,
1023 2991 1303 3099 cognominanti
1323 2992 1534 3087 Tunninio,
1551 3024 1618 3074 scu
1638 3016 1675 3075 et
1690 3000 1728 3076 in

300 3123 441 3229 Brago,
460 3122 552 3199 etin
572 3120 766 3200 Glindono
780 3121 839 3200 vel
854 3121 894 3199 in
911 3120 1136 3215 selerciaco,
1158 3123 1197 3199 in
1217 3123 1286 3200 ista
1301 3123 1534 3231 loca-quinta
1555 3125 1729 3207 denomi-

300 3271 386 3330 nata
402 3251 509 3347 dedit
522 3251 805 3331 Mummolenus
825 3253 1022 3360 episcopus
1040 3254 1121 3362 jam
1148 3254 1249 3334 dicto
1268 3255 1422 3333 Bertino
1447 3256 1592 3336 abbate.
1618 3261 1729 3337 Simi-

299 3382 386 3462 liter
400 3382 508 3460 dedit
520 3384 696 3462 Bertinus
715 3382 811 3461 abba
825 3400 1035 3463 memorato
1059 3385 1202 3464 domno
1224 3384 1485 3464 Mummoleno
1512 3388 1638 3465 abbati
1668 3392 1726 3466 vel

301 3514 476 3622 episcopo
496 3513 670 3620 portione
691 3542 758 3592 sua
778 3515 825 3591 de
844 3514 931 3593 villa
951 3532 1193 3622 nuncupante
1216 3516 1410 3605 Vausune,
1432 3516 1471 3592 in
1491 3545 1586 3624 pago
1608 3518 1727 3599 Cons-

298 3645 456 3738 tantino,
473 3644 520 3721 ad
535 3645 736 3754 integrum,
751 3674 865 3752 quern
883 3645 930 3722 de
948 3645 1086 3724 illustri
1100 3646 1180 3724 viro
1196 3643 1333 3756 Agullo
1348 3673 1417 3753 pro
1428 3644 1498 3723 alia
1512 3647 1598 3725 villa
1614 3652 1728 3729 Fran·

301 3774 430 3854 ciliaco
446 3775 486 3852 in
502 3775 723 3856 concambio
742 3777 899 3882 accepit:
925 3776 1049 3855 etalio
1062 3776 1200 3857 locello
1215 3778 1281 3885 qui
1295 3795 1449 3857 vocatur
1475 3779 1728 3858 Laudardiaca

298 3904 384 3983 villa
403 3907 552 4016 inpage
563 3966 685 3985 .....
696 3908 706 3950 ¹
729 3907 778 3982 ad
789 3907 991 4015 integrum.
1007 3909 1079 3983 Ista
1097 3909 1231 4005 'omnia
1253 3909 1505 3998 denominata,
1523 3911 1627 4017 qnod
1643 3941 1724 4008 nos,

298 4064 368 4143 pro
406 4037 612 4112 reverentia
636 4034 755 4140 ipsius
778 4035 894 4112 sancti
923 4034 1018 4125 loci,
1051 4035 1110 4110 vel
1144 4037 1298 4114 Bertino
1329 4065 1396 4113 seu
1425 4043 1641 4118 monasterii
1669 4046 1726 4122 sui

299 4164 447 4255 Sithiu,
468 4181 512 4240 ut
531 4163 604 4240 hoc
623 4165 663 4240 in
692 4164 916 4272 eismetipsis
940 4164 1203 4244 Mummoleno
1230 4165 1405 4272 episcopo
1427 4185 1464 4244 et
1481 4171 1634 4248 Bertino
1660 4173 1727 4251 ab·

298 4296 404 4387 bate,
426 4295 523 4373 sicut
540 4295 714 4403 superius
731 4295 908 4388 diximus,
937 4297 1080 4406 integra
1098 4316 1226 4376 nostra
1245 4298 1444 4377 auctoritas
1470 4299 1620 4407 plenius
1638 4335 1726 4385 con-

299 4429 446 4509 firmata
467 4428 634 4505 deberet.
653 4427 770 4535 Cujus
788 4427 962 4534 petitioni
982 4428 1033 4504 ita
1047 4428 1249 4534 prestitisse
1271 4445 1308 4505 et
1328 4430 1367 4505 in
1389 4430 1566 4509 omnibus
1588 4434 1725 4514 confir-

299 4587 435 4648 masse,
458 4551 691 4668 cognoscite3
712 4557 963 4666 precipientes
988 4558 1090 4635 enim
1110 4575 1171 4649 ut,
1193 4559 1288 4637 sicut
1308 4577 1452 4638 constat
1477 4562 1524 4639 de
1549 4562 1645 4670 ipsas
1664 4597 1723 4646 res

299 4690 473 4801 superius
492 4689 673 4797 quioquid
693 4689 835 4768 dictum
855 4708 929 4781 est,
945 4690 984 4767 in
999 4690 1078 4796 ipsa
1097 4688 1179 4771 loca
1192 4721 1279 4770 cum
1294 4691 1420 4770 omnia
1436 4707 1530 4769 etex
1545 4695 1724 4776 omnibus

343 4843 353 4878 ¹
376 4846 590 4913 vacaneum
604 4844 676 4909 cod.
687 4844 769 4910 locus
783 4848 919 4911 nominis.
936 4844 1118 4930 supplenda,
1135 4859 1169 4911 ut
1184 4848 1307 4920 videtur,
1322 4842 1376 4912 vox
1392 4849 1567 4910 Turnonem.
