4478 5842
450 486 573 558 PARS
598 481 1306 557 TERTIA.-CONTINUATORES
1333 482 1556 558 SIMONIS.
1639 478 1711 558 sto

298 656 400 718 rare,
423 646 462 706 et
474 629 515 704 in
528 627 775 704 exterioribus
787 625 1039 731 possessiones
1054 625 1233 733 ampliare
1245 658 1255 714 ;
1268 625 1491 702 lites-eciam
1507 644 1544 703 et
1557 620 1713 705 eonten-

297 760 436 845 tiones‚
457 785 531 865 que
553 758 600 834 de
622 753 764 834 eisdem
781 784 902 862 usque
918 757 965 831 ad
980 774 1131 863 tempus
1147 757 1229 865 ejus
1247 757 1485 847 duraverant,
1505 758 1661 836 honesta
1677 777 1714 836 et

298 888 511 966 rationabili
534 887 733 964 eoncordia
753 886 967 962 terminare.
1373 895 1376 899 '

353 1018 418 1106 Et,
435 1034 478 1095 ut
498 1018 545 1094 de
561 1044 674 1123 opere
690 1017 772 1123 ejus
784 1010 958 1092 edificiali
974 1016 1162 1121 imprimis
1174 1013 1387 1121 loquamur,
1404 1017 1527 1091 statim
1544 1033 1587 1091 ut
1601 992 1713 1093 abbas

299 1164 356 1223 est
375 1146 544 1238 effectus,
557 1164 644 1222 ante
663 1147 872 1255 ingressum
888 1145 1107 1221 monasterii
1120 1161 1273 1250 pontem
1287 1144 1479 1250 lapideum
1492 1174 1560 1250 per
1570 1146 1713 1221 flumen

301 1276 533 1383 Agnionam,
550 1277 663 1354 veteri
684 1278 750 1382 qui
760 1279 839 1384 jam
855 1278 1000 1353 ruinam
1020 1275 1235 1351 minabatur
1247 1276 1408 1382 dejecto,
1424 1302 1444 1351 a
1460 1275 1714 1351 fundamentis

300 1431 438 1480 novum
463 1406 591 1496 erexit,
621 1423 659 1483 et
678 1423 900 1512 sumptuoso
927 1424 965 1482 et
989 1407 1094 1512 quasi
1110 1423 1293 1511 perpetuo
1307 1428 1423 1510 opere·
1437 1398 1614 1482 decenter
1628 1433 1715 1482 con·

299 1551 508 1610 summant.
1282 1559 1285 1563 ’

939 1711 1096 1786 xx11.·

457 1895 495 1934 ΒΕ
518 1893 689 1946 Qolnosoart
712 1895 811 1936 sacris
833 1896 870 1935 ΑΙ)
893 1895 1063 1937 enormen
1085 1895 1202 1936 ostoun
1225 1895 1272 1936 snt
1295 1893 1552 1936 enovetunttrtnos

357 2069 514 2173 Insuper
532 2068 643 2144 etiam
664 2096 864 2167 cameram,
887 2096 931 2144 ex
954 2069 1106 2146 australi
1127 2086 1230 2176 parte
1255 2068 1398 2175 templo
1419 2071 1712 2175 appendentem,

303 2226 394 2304 que,
408 2215 493 2304 post
509 2199 781 2287 incensionem,
796 2226 817 2275 a
831 2216 1003 2306 tempore
1030 2201 1165 2278 Leonis
1185 2198 1344 2289 abbatis,
1361 2200 1455 2276 adeo
1472 2201 1658 2276 destructa
1678 2218 1715 2276 et

303 2328 472 2437 neglecta
487 2346 576 2415 erat,
594 2330 700 2435 quod
711 2330 770 2405 vix
787 2330 971 2434 parietum
984 2330 1087 2437 signa
1104 2329 1248 2406 ibidem
1263 2346 1501 2435 apparerent,
1519 2327 1640 2405 multo
1651 2329 1715 2404 de-

302 2459 447 2537 centius
463 2476 499 2536 et
518 2458 655 2537 melius
673 2488 785 2565 quam
806 2461 1009 2565 antiquitus
1028 2459 1149 2537 luerat
1167 2461 1405 2569 reedificavit.
1430 2460 1500 2538 Cui
1521 2461 1560 2535 in
1581 2460 1712 2548 latere,

303 2606 430 2664 contra
443 2589 657 2676 meridiem,
677 2587 894 2665 cenaculum
914 2587 1189 2693 superaddidit,
1211 2587 1456 2696 lignariorum
1477 2604 1553 2665 arte
1570 2586 1715 2663 subtili·
1794 2626 1796 2631 v

301 2732 411 2791 teret
429 2734 582 2793 venuste
603 2733 855 2821 compactum,
876 2717 981 2822 quod
996 2717 1112 2794 totius
1132 2718 1234 2793 curie
1256 2717 1377 2793 extitit
1397 2718 1503 2823 quasi
1521 2716 1714 2822 speculum

302 2862 340 2920 et
361 2861 644 2937 ornamentum,
667 2847 845 2924 estimatis
863 2863 989 2922 tamen
1010 2847 1194 2951 expensis,
1214 2845 1300 2952 plus
1318 2848 1516 2924 continens
1532 2845 1716 2951 pulcritu-

303 2975 401 3052 dinis
421 3004 532 3081 quam
553 2975 733 3053 utilitatis.

358 3105 460 3181 Fecit
474 3132 625 3211 quoque
640 3134 788 3183 crucem
807 3107 987 3215 ligneam,
1002 3106 1175 3213 ymagine
1188 3102 1387 3183 salvatoris
1401 3070 1580 3211 appensa,
1599 3123 1718 3181 astan-
1804 3194 1807 3199 ,
1878 3084 1881 3090 ⁸

300 3235 402 3311 tibus
417 3234 533 3310 eciam
553 3236 686 3324 Maria,
701 3237 882 3313 lobannis
898 3252 936 3312 et
956 3236 1139 3314 cherubin
1159 3234 1413 3344 ymaginibus,
1430 3235 1584 3342 aliisque
1603 3235 1718 3340 pluri-

300 3363 385 3451 bus,
402 3365 450 3442 ad
465 3368 825 3471 representationem
842 3366 1030 3443 dominice
1046 3365 1226 3472 passionis
1245 3364 1536 3469 pertinentibus,
1549 3366 1647 3439 cruci
1658 3363 1716 3441 vel

301 3496 409 3581 trabi,
421 3497 481 3573 cui
497 3497 628 3573 eadem
641 3496 849 3583 inherebat,
862 3498 959 3573 miro
975 3497 1109 3572 decore
1123 3493 1250 3571 affixis.
1266 3496 1350 3586 Que
1364 3493 1490 3571 omnia
1506 3509 1583 3569 arte
1596 3493 1717 3598 sculp

303 3627 397 3702 toria
418 3643 456 3702 et
477 3627 648 3731 pictoria,
672 3623 913 3700 ineffabiliter
934 3623 1230 3730 resplendentia,
1255 3623 1386 3700 domui
1405 3622 1476 3699 Dei
1495 3639 1715 3699 ornamento

302 3771 390 3831 sunt
404 3754 511 3829 valde
533 3770 571 3829 et
589 3754 728 3829 decori.

355 3881 528 3958 Frontale
538 3881 654 3955 eciam
664 3879 792 3956 feretri
808 3881 905 3956 beati
917 3882 1032 3986 patris
1044 3881 1186 3958 bertini
1198 3882 1246 3957 de
1262 3908 1353 3956 auro
1367 3896 1405 3954 et
1416 3897 1569 3986 argento
1581 3896 1619 3955 et
1633 3880 1718 3985 lapi·

306 4011 417 4087 dibus
435 4011 629 4117 preciosis,
648 4009 778 4085 subtili
791 4037 904 4114 opere
920 4009 1009 4087 iecit
1024 4011 1184 4087 excudi¹.
1202 4012 1316 4101 ltem,
1333 4009 1526 4117 regiminis
1545 4010 1602 4086 sui
1617 4037 1716 4086 anno

302 4142 430 4231 tertio,
452 4141 515 4248 qui
533 4158 612 4217 erat
629 4140 893 4218 incarnationis
909 4141 1096 4219 dominice
1112 4168 1232 4217 annus
1248 4122 1541 4247 septuagesimus
1555 4156 1714 4227 octavus,

303 4301 406 4359 cum,
419 4269 627 4350 secundum
639 4271 830 4377 antiquam
845 4270 1171 4362 consuetudinem,
1185 4269 1345 4347 nuncius
1357 4268 1503 4346 abbatie
1519 4266 1716 4348 Coloniam

345 4491 353 4522 ¹
370 4493 411 4555 Ex
425 4514 479 4554 ma.
492 4513 688 4576 pergamam:
703 4493 853 4555 Feretrnm
866 4512 985 4576 quoque
1041 4491 1117 4553 fecit.
1134 4491 1277 4574 Tempore
1296 4492 1377 4551 enim
1399 4489 1489 4572 hujus
1510 4488 1637 4556 abbatis,
1660 4490 1717 4550 due

306 4598 398 4658 saneti
413 4595 566 4680 Folquini,
581 4607 611 4657 et
625 4595 704 4656 aliud
723 4615 855 4679 quoqne,
874 4595 905 4655 in
924 4616 984 4678 quo
1040 4592 1087 4654 vel
1102 4594 1227 4676 amplius
1245 4594 1282 4654 de
1292 4593 1427 4654 societate
1441 4612 1472 4652 ιι
1487 4590 1615 4653 millium
1631 4591 1716 4670 virgi·

303 4697 425 4782 reliquie
436 4699 473 4759 de
484 4697 646 4780 virginibus
655 4696 878 4759 coloniensibus
888 4694 984 4759 atalia
1040 4694 1274 4758 nomasolonia
1285 4692 1386 4757 adnot
1397 4694 1586 4756 suntdelatoe.
1598 4693 1634 4752 ln
1645 4713 1715 4751 mer-
1817 4767 1820 4773 Ι

303 4812 483 4863 sacrosancta
500 4801 621 4882 pignera
640 4797 982 4868 continentur,fabrica1i
1037 4799 1100 4882 qim
1114 4797 1181 4858 Cod.
