4478 5842
315 486 388 555 520
666 485 1074 558 CHARTULARIUM
1102 484 1380 557 SITHIENSE.

314 626 432 703 ritate.
461 627 600 733 Siqua
628 628 742 735 igitur
769 628 810 702 in
838 625 1009 703 futurum
1038 622 1282 702 ecclesiastica
1311 624 1530 702 secularisve
1555 652 1730 730 persona,

313 756 409 832 hanc
429 775 555 835 nostre
569 755 848 834 constitutionis
864 756 1038 865 paginam
1053 755 1189 844 sciens,
1204 772 1334 832 contra
1345 782 1426 831 eam
1443 770 1587 832 temere
1605 756 1732 831 venire

312 872 566 993 temptaverit,
589 904 688 963 etc.»
710 887 835 991 Usque
856 885 894 960 in
915 881 1049 970 finem,
1070 901 1113 960 ut
1132 912 1242 990 supra
1262 882 1305 960 iu
1322 883 1405 960 aliis
1424 884 1636 993 privilegiis.

370 1019 474 1126 «Ego
494 1022 646 1108 Lucms,
668 1016 850 1094 catholice
871 1012 1027 1092 ecclesie
1049 1014 1265 1122 epiecopus,
1290 1016 1504 1123 subscripsi.

369 1186 380 1212 α
395 1149 489 1225 Data
505 1148 694 1239 Laterani,
708 1175 777 1253 per
792 1174 949 1223 manum
961 1145 1134 1237 Baronis,
1149 1164 1273 1223 sancte
1289 1148 1456 1224 Romane
1471 1145 1626 1224 ecclesie
1645 1145 1737 1222 sub·

311 1277 476 1366 diaconi,
495 1279 655 1385 septimo
671 1278 741 1355 kal.
760 1278 881 1386 junii,
903 1277 1110 1357 indictione
1130 1278 1307 1383 septima,
1324 1277 1590 1358 incarnationis
1610 1275 1735 1354 domi-

310 1409 392 1484 nice
412 1435 516 1486 anno
532 1424 595 1487 uc⁰
615 1407 905 1516 quadragesimo
921 1424 1074 1513 quarto,
1099 1407 1340 1512 pontificatus
1359 1436 1447 1486 vero
1467 1407 1599 1485 domni
1624 1405 1732 1484 Lucii

308 1539 464 1616 secundi
483 1566 576 1645 pape
597 1565 696 1614 anno
711 1537 877 1642 primo.»

365 1669 406 1743 In
429 1666 589 1744 circuitu
608 1665 738 1743 circuli
758 1664 954 1742 scribitus.

367 1831 562 1910 «Ostende
586 1829 716 1916 nobis,
744 1829 930 1921 Domine,
957 1828 1253 1905 misericordiam
1272 1846 1389 1906 tuam.
1406 1869 1439 1924 ι,

961 2083 1083 2160 ΧΙΙΙ.

629 2251 667 2291 DE
688 2250 794 2292 renota
819 2249 1014 2293 mortemon}
1035 2249 1138 2291 1130le
1158 2247 1278 2290 aenens
1302 2249 1415 2291 nonu.

364 2411 428 2500 Et,
456 2439 503 2488 ne
528 2411 691 2518 amplius
710 2438 794 2517 spes
816 2409 1063 2517 recuperandi
1085 2408 1397 2489 cluniacensibus
1421 2408 1618 2514 aspiraret,
1638 2427 1736 2487 tem-

311 2570 403 2647 pore
423 2542 584 2651 Eugenii
603 2541 729 2634 tercii,
749 2541 867 2619 tercio
887 2540 1029 2618 Urbem
1053 2540 1178 2647 petiit,
1200 2557 1238 2618 et
1259 2539 1496 2648 privilegium
1520 2541 1601 2648 ejus
1624 2541 1737 2647 privi-

310 2671 417 2780 legiis
440 2674 488 2751 dc
509 2671 603 2751 olim
622 2689 839 2779 recuperata
860 2671 1034 2749 libertate
1054 2670 1200 2779 adjecit.
1223 2671 1285 2748 Sic
1305 2672 1361 2747 vir
1381 2699 1488 2780 sagax
1508 2687 1546 2749 ct
1568 2671 1737 2778 prudens

311 2801 589 2880 successoribus
621 2802 698 2880 suis
731 2802 772 2878 in
801 2819 996 2908 posterum
1025 2800 1204 2908 previdit,
1235 2819 1279 2878 ut
1307 2828 1379 2878 nec
1411 2799 1543 2878 multis
1567 2802 1737 2908 expansis

310 2950 551 3040 sumptuum,
581 2960 652 3009 nec
673 2930 895 3011 difficultate
924 2931 1085 3020 itineris,
1106 2960 1178 3009 nec
1201 2931 1248 3009 ab
1271 2931 1421 3038 incepto
1446 2930 1629 3010 deterreri
1652 2958 1737 3037 pos·

312 3080 368 3140 set
396 3062 526 3140 labore
553 3062 736 3169 corporis,
757 3063 934 3168 munus
953 3062 1148 3141 ecclesiam
1169 3061 1208 3138 in
1231 3089 1322 3170 pace
1348 3062 1600 3169 relinqueret,
1622 3089 1737 3168 quam

315 3192 538 3271 omnimodo
556 3190 746 3270 turbatam
763 3191 916 3270 invenit.

969 3389 1080 3467 xlv.
1107 3447 1110 3453 ·

384 3574 536 3616 ΕΣΕΙΡΙΛΗ
559 3572 718 3616 saltumn
741 3573 861 3619 suosntt
883 3574 982 3617 tanen
1004 3574 1091 3624 ΡΔΡΙ,
1114 3574 1152 3615 DE
1173 3574 1333 3617 statutum
1355 3575 1390 3615 n·
1411 3573 1508 3617 nutus
1530 3573 1662 3617 mcum
1779 3604 1792 3647 ,¹

907 3674 1145 3721 mustumve.
1187 3688 1190 3697 ·

83 3865 115 3916 25
132 3879 184 3935 apr.
208 3863 285 3917 1145.
372 3844 609 3952 «Eugenius,
630 3844 845 3952 episeopus,
866 3874 995 3925 servus
1015 3874 1207 3925 servorum
1225 3845 1317 3938 Dei,
1341 3846 1481 3926 dilecto
1498 3846 1580 3925 lilio
1596 3845 1736 3936 Leoni,

315 3976 442 4055 abbati
457 3973 573 4056 sancti
587 3974 751 4069 Bertini,
773 3974 930 4084 ejusque
947 3975 1242 4070 successoribus,
1259 3994 1328 4055 etc.
1344 4014 1358 4045 ι
1373 3977 1422 4054 Ut
1437 4004 1551 4084 supra
1566 3977 1607 4054 in
1626 3975 1739 4082 privi-

314 4107 417 4215 legio
436 4105 618 4186 Celeetini
636 4110 765 4214 pape¹.
782 4144 796 4175 ι
809 4108 905 4185 Item
920 4107 960 4184 in
972 4108 1168 4215 parrochia
1182 4109 1432 4199 Tarnanensi,
1447 4107 1576 4186 villam
1587 4108 1636 4185 de
1648 4107 1740 4190 viu»

316 4251 450 4330 sema,
475 4267 562 4316 curn
588 4237 699 4316 terris
722 4237 801 4317 suis
824 4238 1071 4332 et-wastinis,
1099 4268 1174 4346 que
1202 4238 1418 4319 extenditur
1441 4266 1563 4348 usque
1588 4239 1636 4315 ad
1663 4255 1740 4315 taa-
1867 4312 1877 4337 ,

315 4369 442 4447 minos
465 4365 514 4448 de
532 4366 680 4447 Edekin
700 4384 739 4447 et
757 4370 1043 4478 Lonffrenessm
1067 4368 1260 4448 eeclesiam
1282 4369 1331 4450 de
1350 4366 1521 4463 osclara,
1543 4368 1739 4447 ecclesiam

316 4499 364 4577 de
381 4499 643 4586 Vuameetun,
668 4496 862 4578 ecclesiam
888 4516 1015 4579 macte
1043 4499 1178 4592 Marie,
1202 4528 1280 4610 que
1305 4498 1444 4577 dicitur
1465 4497 1656 4610 Eggaln'di
1684 4526 1741 4576 ca·

316 4629 434 4737 pellan
451 4625 647 4708 ecclesiam
657 4629 706 4708 de
721 4629 963 4719 Haveslerle,
978 4648 1018 4713 et
1030 4630 1214 4711 decimam
1228 4630 1354 4709 Sancti
1369 4630 1538 4722 Martinia
1553 4631 1739 4713 decimam

358 4795 365 4824 ¹
390 4793 463 4856 Vide
475 4795 623 4877 superius,
640 4810 705 4877 pag.
725 4791 797 4858 διά.
