4388 5850
387 500 434 568 62
739 489 1144 610 eflaatutsrtlutt
1171 488 1450 563 strumus&
1479 532 1485 543 ·

1030 806 1159 880 XLll.
1258 808 1261 813 ’

840 1008 918 1058 Qton
940 1010 977 1048 ET
1000 1006 1201 1049 snssstttonttntt
1226 1006 1344 1049 ansata.

439 1230 541 1305 Emit
562 1245 600 1306 et
622 1225 732 1302 aliam
752 1182 889 1299 terrain
907 1218 1094 1310 solidisc,
1117 1219 1273 1295 nominc
1293 1182 1604 1351 Fresingahern
1590 1204 1803 1359 padam·

385 1359 560 1447 muliere,
584 1355 738 1432 nomine
760 1350 970 1460 Sigeberta,
987 1348 1194 1489 secundum
1214 1342 1313 1427 hanc
1326 1344 1519 1428 kartam

1015 1657 1167 1733 xnus
1347 1706 1369 1751 ,
1481 1601 1484 1607 ⁸

996 1848 1191 1919 meuriss.

164 2103 266 2154 ,·„‚
339 2143 344 2156 ‚
443 2066 619 2145 «Domno
632 2005 1501 2161 venerabiliinChristopatriHardrado,altbiati
1514 2055 1801 2153 demmtenio

384 2196 658 2296 Sithiu,‚.a1que
675 2188 847 2293 emptori.
864 2189 944 2295 Ego
957 2186 1168 2292 Sigaberta,
1185 2184 1387 2276 venditrix,
1408 2187 1589 2292 perhanc
1604 2189 1799 2293 epistolam

383 2321 610 2402 venditionis
630 2334 776 2397 constat
794 2346 855 2393 me
880 2345 958 2394 non
977 2315 1197 2422 imaginario
1216 2316 1319 2422 jure,
1343 2315 1410 2393 ssd
1432 2300 1587 2422 ¹propria
1610 2319 1800 2401 volnnme

382 2454 538 2541 arbitrii,
554 2453 659 2530 vobis
668 2448 727 2561 vel
739 2449 899 2555 predicti
906 2445 1128 2543 monasterii
1144 2445 1269 2524 Sithiu
1284 2445 1507 2540 vendidisse,
1519 2442 1559 2525 et‘
1572 2430 1623 2526 ita
1635 2451 1800 2543 venffidi

383 2585 592 2673 tradidisse,
610 2597 648 2658 et
665 2581 716 2657 ita
731 2577 884 2666 tradidi,
900 2578 974 2655 hoc
993 2593 1065 2667 est,
1084 2583 1237 2654 omnem
1253 2604 1335 2653 rem
1350 2576 1533 2682 portionis
1546 2602 1641 2655 tneae
1655 2579 1697 2655 in
1716 2579 1801 2659 louo

383 2728 623 2818 nuncupante
636 2709 919 2815 Fresingahem,
936 2706 1106 2785 situmin
1121 2735 1216 2814 pago
1231 2707 1498 2785 Taruuanense
1519 2709 1801 2815 superfluum

380 2846 568 2949 Agniona,
590 2855 715 2943 preter
728 2838 874 2944 jornale
894 2866 1033 2924 unum,
1054 2837 1160 2942 quod
1184 2835 1318 2913 exinde
1336 2836 1386 2916 ad
1401 2835 1801 2918 aliamremoesarunui

383 2972 432 3046 ad
449 2973 637 3075 integrum
655 2966 722 3043 :id
741 2982 811 3053 est,
828 2983 905 3044 tam
924 2966 1057 3055 terris,
1068 2967 1222 3055 mansis,
1244 2964 1419 3058 casticiis,
1436 2965 1622 3058 aedificiis,
1635 2968 1800 3079 campis,
1842 3003 1845 3007 ’

383 3098 502 3187 silvis,
530 3096 665 3201 pratis,
697 3095 858 3201 pascuis,
886 3096 1128 3187 communiis,
1157 3095 1291 3200 perviis
1321 3112 1361 3172 et
1384 3096 1632 3204 wadriscapis.
1665 3098 1801 3177 Omnia

385 3245 422 3303 et
447 3255 492 3303 ex
517 3224 714 3315 omnibus,
739 3251 822 3301 ram
841 3224 1117 3330 inexquisitam,
1143 3241 1268 3304 totum
1291 3226 1341 3304 ad
1361 3227 1567 3332 integum,
1596 3227 1671 3304 hoc
1692 3228 1799 3305 uobis

384 3357 442 3433 vel
466 3356 636 3462 predicto
660 3355 889 3433 monasterio
916 3384 935 3431 a
961 3355 1024 3433 die
1049 3358 1214 3462 presenti
1237 3356 1384 3448 vendo,
1410 3355 1521 3435 trado
1545 3373 1658 3463 atque
1673 3374 1799 3435 trans-

383 3487 494 3567 firmo
513 3487 780 3594 perpetualiter
799 3485 847 3567 ad
866 3486 1150 3592 possidendum.
1173 3487 1281 3565 Unde
1298 3488 1421 3592 accepi
1435 3515 1459 3564 a
1472 3487 1578 3567 vobis
1595 3487 1644 3564 de
1661 3514 1703 3564 re
1717 3515 1800 3581 nro·

384 3619 533 3695 nastcrii
553 3619 682 3707 vestri,
708 3647 776 3723 pro
793 3619 873 3726 jam
893 3618 1070 3709 dictare,
1096 3618 1136 3694 in
1152 3617 1282 3722 ,precio
1300 3628 1424 3694 taxato
1446 3616 1506 3695 ael
1525 3616 1634 3705 dato,
1657 3618 1699 3694 in
1714 3646 1800 3722 quo
1820 3721 1825 3735 ι

384 3750 477 3826 mihi
493 3750 590 3826 bene
612 3747 854 3852 complacuit,
874 3749 948 3823 hoc
963 3766 1034 3838 est,
1056 3748 1155 3824 inter
1169 3774 1305 3824 aurum
1327 3763 1366 3823 et
1381 3764 1595 3854 argentum,
1614 3744 1760 3824 solidos
1778 3773 1798 3824 c

382 3878 547 3964 tantum,
571 3879 620 3953 ita
645 3894 689 3953 ut
708 3877 754 3952 ab
780 3876 928 3953 haedis
954 3877 1026 3954 hoc
1046 3878 1231 3968 habeatis,
1255 3878 1413 3955 teneatis
1428 3858 1540 3984 utapro
1560 3877 1796 3982 possideatis,

383 4008 440 4083 vel
458 4006 640 4112 quicquid
660 4007 793 4087 exinde
811 4006 931 4084 lacere
947 4008 1150 4100 volueritis,
1172 4009 1340 4109 habands
1359 4025 1583 4115 potestatem
1597 4008 1648 4084 ad
1660 4007 1801 4085 facien·

385 4138 488 4214 dum.
510 4138 549 4215 Si
570 4139 655 4244 quis
681 4167 784 4228 vero,
813 4139 916 4246 quod
936 4138 1106 4217 futurum
1129 4169 1207 4217 esse
1232 4169 1309 4216 non
1336 4142 1467 4228 credo;
1482 4140 1518 4216 si
1542 4166 1613 4247 ego
1632 4138 1714 4244 ipse
1730 4155 1801 4221 aut

382 4265 481 4343 ullus
497 4267 548 4343 ‘de
570 4268 775 4352 heredibus
790 4296 832 4344 ac
845 4267 1121 4375 proheredibus
1135 4268 1242 4360 meis,
1261 4269 1320 4345 vel
1340 4269 1518 4377 quaelibet
1536 4268 1607 4347 alia
1619 4294 1796 4375 persona,

382 4422 462 4498 quac
495 4411 621 4472 contra
648 4397 745 4472 hanc
770 4396 1029 4476 venditionem
1051 4397 1178 4473 venire
1207 4399 1369 4476 volucrit
1394 4415 1459 4479 aut
1484 4425 1567 4474 eam
1594 4394 1795 4504 infringere

381 4524 672 4628 praesumpserit,
705 4523 907 4603 inieramus
935 4524 1041 4607 vobis
1070 4525 1129 4603 rel
1152 4528 1437 4607 successoribus
1454 4512 1612 4627 uestris,
1641 4542 1798 4635 cogente

381 4653 488 4743 fisco,
516 4668 616 4728 tanta
636 4668 673 4727 ct
697 4652 766 4729 alia
787 4671 888 4732 tanta
915 4675 1096 4765 quantum
1119 4657 1264 4736 avobis
1284 4659 1512 4764 accepimns,
1536 4656 1593 4733 vel
1613 4672 1797 4762 quantum

381 4783 457 4886 ipsa
485 4782 608 4890 portio
635 4799 725 4859 tunc
750 4785 929 4888 temporis
955 4785 1171 4864 emeliorata
1193 4787 1368 4874 valuerit3
1397 4803 1434 4863 ct
1463 4787 1617 4890 insuper
1644 4782 1796 4890 duplam
