<?xml version="1.0" encoding="UTF-8"?>
<!DOCTYPE html PUBLIC "-//W3C//DTD XHTML 1.0 Transitional//EN"
    "http://www.w3.org/TR/xhtml1/DTD/xhtml1-transitional.dtd">
<html xmlns="http://www.w3.org/1999/xhtml" xml:lang="en" lang="en">
 <head>
  <title>
</title>
<meta http-equiv="Content-Type" content="text/html;charset=utf-8" />
  <meta name='ocr-system' content='tesseract 3.04.00' />
  <meta name='ocr-capabilities' content='ocr_page ocr_carea ocr_par ocr_line ocrx_word'/>
</head>
<body>
  <div class='ocr_page' id='page_1' title='image "./cartulairedelab00frangoog_0400.png"; bbox 0 0 4478 5842; ppageno 0'>
   <div class='ocr_carea' id='block_1_1' title="bbox 483 522 1767 603">
    <p class='ocr_par' dir='ltr' id='par_1_1' title="bbox 483 522 1767 603">
     <span class='ocr_line' id='line_1_1' title="bbox 483 522 1767 603; baseline 0.009 -12"><span class='ocrx_word' id='word_1_1' title='bbox 483 542 486 549; x_wconf 90' lang='lat'>·</span> <span class='ocrx_word' id='word_1_2' title='bbox 612 522 737 594; x_wconf 85' lang='lat' dir='ltr'>PARS</span> <span class='ocrx_word' id='word_1_3' title='bbox 772 522 1018 596; x_wconf 84' lang='lat' dir='ltr'><strong>SECUNDA.</strong></span> <span class='ocrx_word' id='word_1_4' title='bbox 1038 568 1088 579; x_wconf 89' lang='lat'><em>-</em></span> <span class='ocrx_word' id='word_1_5' title='bbox 1106 525 1317 599; x_wconf 85' lang='lat' dir='ltr'>SIMONIS</span> <span class='ocrx_word' id='word_1_6' title='bbox 1343 528 1436 599; x_wconf 90' lang='lat' dir='ltr'>LIB.</span> <span class='ocrx_word' id='word_1_7' title='bbox 1464 529 1510 598; x_wconf 89' lang='lat' dir='ltr'>Il.</span> <span class='ocrx_word' id='word_1_8' title='bbox 1694 529 1767 603; x_wconf 80' lang='lat'>289</span> 
     </span>
    </p>
   </div>
   <div class='ocr_carea' id='block_1_2' title="bbox 354 659 1784 4019">
    <p class='ocr_par' dir='ltr' id='par_1_2' title="bbox 354 659 1784 4019">
     <span class='ocr_line' id='line_1_2' title="bbox 360 659 1770 770; baseline 0.008 -36"><span class='ocrx_word' id='word_1_9' title='bbox 360 659 516 764; x_wconf 89' lang='lat' dir='ltr'>amplius</span> <span class='ocrx_word' id='word_1_10' title='bbox 542 663 788 769; x_wconf 87' lang='lat' dir='ltr'>recuperandi</span> <span class='ocrx_word' id='word_1_11' title='bbox 813 664 969 741; x_wconf 89' lang='lat' dir='ltr'>honoris</span> <span class='ocrx_word' id='word_1_12' title='bbox 995 664 1043 741; x_wconf 89' lang='lat' dir='ltr'>ad</span> <span class='ocrx_word' id='word_1_13' title='bbox 1063 665 1231 770; x_wconf 82' lang='lat' dir='ltr'>regimen</span> <span class='ocrx_word' id='word_1_14' title='bbox 1252 665 1426 744; x_wconf 91' lang='lat' dir='ltr'>anelaret.</span> <span class='ocrx_word' id='word_1_15' title='bbox 1455 667 1628 745; x_wconf 81' lang='lat' dir='ltr'>Credidit</span> <span class='ocrx_word' id='word_1_16' title='bbox 1644 686 1770 745; x_wconf 91' lang='lat' dir='ltr'>tamen</span> 
     </span>
     <span class='ocr_line' id='line_1_3' title="bbox 359 793 1770 905; baseline 0.003 -34"><span class='ocrx_word' id='word_1_17' title='bbox 359 793 470 871; x_wconf 89' lang='lat' dir='ltr'>stulte</span> <span class='ocrx_word' id='word_1_18' title='bbox 490 793 745 899; x_wconf 85' lang='lat' dir='ltr'>versipellium</span> <span class='ocrx_word' id='word_1_19' title='bbox 766 796 1013 899; x_wconf 79' lang='lat' dir='ltr'>persuasioni,</span> <span class='ocrx_word' id='word_1_20' title='bbox 1036 813 1074 872; x_wconf 90' lang='lat' dir='ltr'>et</span> <span class='ocrx_word' id='word_1_21' title='bbox 1092 814 1240 900; x_wconf 88' lang='lat' dir='ltr'>accepta</span> <span class='ocrx_word' id='word_1_22' title='bbox 1263 798 1374 886; x_wconf 88' lang='lat' dir='ltr'>stola,</span> <span class='ocrx_word' id='word_1_23' title='bbox 1400 826 1512 903; x_wconf 89' lang='lat' dir='ltr'>super</span> <span class='ocrx_word' id='word_1_24' title='bbox 1526 794 1770 905; x_wconf 72' lang='lat' dir='ltr'>ewangelium</span> 
     </span>
     <span class='ocr_line' id='line_1_4' title="bbox 354 925 1773 1035; baseline 0.005 -34"><span class='ocrx_word' id='word_1_25' title='bbox 354 926 490 1033; x_wconf 88' lang='lat' dir='ltr'>juravit</span> <span class='ocrx_word' id='word_1_26' title='bbox 509 925 685 1030; x_wconf 82' lang='lat' dir='ltr'>quitquid</span> <span class='ocrx_word' id='word_1_27' title='bbox 700 925 908 1030; x_wconf 88' lang='lat' dir='ltr'>jurandum</span> <span class='ocrx_word' id='word_1_28' title='bbox 929 926 984 1004; x_wconf 92' lang='lat' dir='ltr'>illi</span> <span class='ocrx_word' id='word_1_29' title='bbox 1003 926 1247 1017; x_wconf 70' lang='lat' dir='ltr'>dictaverant,</span> <span class='ocrx_word' id='word_1_30' title='bbox 1264 944 1301 1003; x_wconf 92' lang='lat' dir='ltr'>et</span> <span class='ocrx_word' id='word_1_31' title='bbox 1315 929 1439 1006; x_wconf 90' lang='lat' dir='ltr'>statim</span> <span class='ocrx_word' id='word_1_32' title='bbox 1457 958 1495 1004; x_wconf 92' lang='lat' dir='ltr'>se</span> <span class='ocrx_word' id='word_1_33' title='bbox 1507 929 1649 1035; x_wconf 89' lang='lat' dir='ltr'>jurasse</span> <span class='ocrx_word' id='word_1_34' title='bbox 1667 933 1773 1034; x_wconf 90' lang='lat' dir='ltr'>peni·</span> 
     </span>
     <span class='ocr_line' id='line_1_5' title="bbox 357 1055 1773 1161; baseline 0.001 -29"><span class='ocrx_word' id='word_1_35' title='bbox 357 1055 448 1142; x_wconf 68' lang='lat' dir='ltr'>tuit,</span> <span class='ocrx_word' id='word_1_36' title='bbox 477 1055 734 1159; x_wconf 88' lang='lat' dir='ltr'>accessitisque</span> <span class='ocrx_word' id='word_1_37' title='bbox 753 1055 924 1132; x_wconf 86' lang='lat' dir='ltr'>lohanne</span> <span class='ocrx_word' id='word_1_38' title='bbox 945 1057 1118 1161; x_wconf 89' lang='lat' dir='ltr'>episcopo</span> <span class='ocrx_word' id='word_1_39' title='bbox 1141 1073 1178 1132; x_wconf 91' lang='lat' dir='ltr'>et</span> <span class='ocrx_word' id='word_1_40' title='bbox 1201 1055 1334 1132; x_wconf 79' lang='lat' dir='ltr'>abbate</span> <span class='ocrx_word' id='word_1_41' title='bbox 1355 1058 1572 1147; x_wconf 88' lang='lat' dir='ltr'>Lamberto,</span> <span class='ocrx_word' id='word_1_42' title='bbox 1600 1087 1638 1134; x_wconf 90' lang='lat' dir='ltr'>se</span> <span class='ocrx_word' id='word_1_43' title='bbox 1661 1058 1773 1135; x_wconf 91' lang='lat' dir='ltr'>stulte</span> 
     </span>
     <span class='ocr_line' id='line_1_6' title="bbox 359 1184 1775 1295; baseline 0.001 -32"><span class='ocrx_word' id='word_1_44' title='bbox 359 1187 475 1294; x_wconf 85' lang='lat' dir='ltr'>egisse</span> <span class='ocrx_word' id='word_1_45' title='bbox 497 1185 703 1290; x_wconf 92' lang='lat' dir='ltr'>penitendo</span> <span class='ocrx_word' id='word_1_46' title='bbox 724 1184 873 1274; x_wconf 87' lang='lat' dir='ltr'>latetur,</span> <span class='ocrx_word' id='word_1_47' title='bbox 892 1185 957 1261; x_wconf 91' lang='lat' dir='ltr'>sed</span> <span class='ocrx_word' id='word_1_48' title='bbox 978 1185 1125 1265; x_wconf 82' lang='lat' dir='ltr'>frustra.</span> <span class='ocrx_word' id='word_1_49' title='bbox 1140 1188 1231 1262; x_wconf 91' lang='lat' dir='ltr'>Nam</span> <span class='ocrx_word' id='word_1_50' title='bbox 1250 1187 1341 1262; x_wconf 92' lang='lat' dir='ltr'>dum</span> <span class='ocrx_word' id='word_1_51' title='bbox 1359 1187 1586 1275; x_wconf 81' lang='lat' dir='ltr'>mediatores</span> <span class='ocrx_word' id='word_1_52' title='bbox 1601 1189 1699 1265; x_wconf 91' lang='lat' dir='ltr'>inter</span> <span class='ocrx_word' id='word_1_53' title='bbox 1719 1190 1775 1295; x_wconf 90' lang='lat' dir='ltr'>ip-</span> 
     </span>
     <span class='ocr_line' id='line_1_7' title="bbox 359 1314 1774 1420; baseline 0.002 -29"><span class='ocrx_word' id='word_1_54' title='bbox 359 1344 417 1391; x_wconf 92' lang='lat' dir='ltr'>sos</span> <span class='ocrx_word' id='word_1_55' title='bbox 435 1314 588 1420; x_wconf 88' lang='lat' dir='ltr'>aliquod</span> <span class='ocrx_word' id='word_1_56' title='bbox 610 1315 709 1420; x_wconf 88' lang='lat' dir='ltr'>pacis</span> <span class='ocrx_word' id='word_1_57' title='bbox 729 1315 897 1391; x_wconf 89' lang='lat' dir='ltr'>medium</span> <span class='ocrx_word' id='word_1_58' title='bbox 920 1343 1147 1420; x_wconf 90' lang='lat' dir='ltr'>componere</span> <span class='ocrx_word' id='word_1_59' title='bbox 1162 1315 1320 1401; x_wconf 89' lang='lat' dir='ltr'>vellent,</span> <span class='ocrx_word' id='word_1_60' title='bbox 1340 1317 1487 1393; x_wconf 88' lang='lat' dir='ltr'>monaci</span> <span class='ocrx_word' id='word_1_61' title='bbox 1510 1317 1635 1393; x_wconf 91' lang='lat' dir='ltr'>animo</span> <span class='ocrx_word' id='word_1_62' title='bbox 1658 1317 1774 1394; x_wconf 90' lang='lat' dir='ltr'>obsti·</span> 
     </span>
     <span class='ocr_line' id='line_1_8' title="bbox 359 1445 1774 1551; baseline 0.001 -29"><span class='ocrx_word' id='word_1_63' title='bbox 359 1465 446 1522; x_wconf 92' lang='lat' dir='ltr'>nato</span> <span class='ocrx_word' id='word_1_64' title='bbox 464 1471 503 1521; x_wconf 91' lang='lat' dir='ltr'>se</span> <span class='ocrx_word' id='word_1_65' title='bbox 524 1472 717 1550; x_wconf 88' lang='lat' dir='ltr'>nunquam</span> <span class='ocrx_word' id='word_1_66' title='bbox 739 1445 890 1551; x_wconf 88' lang='lat' dir='ltr'>perjuro</span> <span class='ocrx_word' id='word_1_67' title='bbox 912 1445 1133 1522; x_wconf 91' lang='lat' dir='ltr'>obedituros</span> <span class='ocrx_word' id='word_1_68' title='bbox 1153 1446 1377 1523; x_wconf 90' lang='lat' dir='ltr'>asserebant.</span> <span class='ocrx_word' id='word_1_69' title='bbox 1395 1447 1579 1538; x_wconf 88' lang='lat' dir='ltr'>Quidum</span> <span class='ocrx_word' id='word_1_70' title='bbox 1597 1446 1774 1525; x_wconf 90' lang='lat' dir='ltr'>diffidunt</span> 
     </span>
     <span class='ocr_line' id='line_1_9' title="bbox 360 1574 1774 1680; baseline 0.001 -28"><span class='ocrx_word' id='word_1_71' title='bbox 360 1578 416 1679; x_wconf 65' lang='lat' dir='ltr'>de⁴</span> <span class='ocrx_word' id='word_1_72' title='bbox 429 1577 619 1680; x_wconf 88' lang='lat' dir='ltr'>episcopo,</span> <span class='ocrx_word' id='word_1_73' title='bbox 636 1575 812 1650; x_wconf 89' lang='lat' dir='ltr'>comitem</span> <span class='ocrx_word' id='word_1_74' title='bbox 828 1574 1004 1650; x_wconf 90' lang='lat' dir='ltr'>Carolum</span> <span class='ocrx_word' id='word_1_75' title='bbox 1026 1575 1183 1666; x_wconf 89' lang='lat' dir='ltr'>adeunt,</span> <span class='ocrx_word' id='word_1_76' title='bbox 1210 1592 1247 1652; x_wconf 89' lang='lat' dir='ltr'>et</span> <span class='ocrx_word' id='word_1_77' title='bbox 1265 1576 1424 1680; x_wconf 90' lang='lat' dir='ltr'>pecunia</span> <span class='ocrx_word' id='word_1_78' title='bbox 1449 1577 1646 1653; x_wconf 89' lang='lat' dir='ltr'>inductum</span> <span class='ocrx_word' id='word_1_79' title='bbox 1667 1580 1715 1654; x_wconf 92' lang='lat' dir='ltr'>ad</span> <span class='ocrx_word' id='word_1_80' title='bbox 1734 1578 1774 1654; x_wconf 95' lang='lat' dir='ltr'>id</span> 
     </span>
     <span class='ocr_line' id='line_1_10' title="bbox 359 1702 1773 1814; baseline 0.001 -31"><span class='ocrx_word' id='word_1_81' title='bbox 359 1706 463 1814; x_wconf 92' lang='lat' dir='ltr'>quod</span> <span class='ocrx_word' id='word_1_82' title='bbox 484 1702 677 1810; x_wconf 90' lang='lat' dir='ltr'>postulant</span> <span class='ocrx_word' id='word_1_83' title='bbox 691 1702 761 1779; x_wconf 91' lang='lat' dir='ltr'>sibi</span> <span class='ocrx_word' id='word_1_84' title='bbox 786 1703 1003 1791; x_wconf 88' lang='lat' dir='ltr'>conciliant,</span> <span class='ocrx_word' id='word_1_85' title='bbox 1025 1705 1091 1810; x_wconf 93' lang='lat' dir='ltr'>qui</span> <span class='ocrx_word' id='word_1_86' title='bbox 1113 1705 1201 1782; x_wconf 91' lang='lat' dir='ltr'>alias</span> <span class='ocrx_word' id='word_1_87' title='bbox 1220 1705 1361 1797; x_wconf 89' lang='lat' dir='ltr'>bonus,</span> <span class='ocrx_word' id='word_1_88' title='bbox 1383 1706 1413 1781; x_wconf 90' lang='lat' dir='ltr'>si</span> <span class='ocrx_word' id='word_1_89' title='bbox 1435 1722 1565 1783; x_wconf 87' lang='lat' dir='ltr'>contra</span> <span class='ocrx_word' id='word_1_90' title='bbox 1583 1707 1773 1784; x_wconf 88' lang='lat' dir='ltr'>avaritiam</span> 
     </span>
     <span class='ocr_line' id='line_1_11' title="bbox 359 1832 1776 1940; baseline -0.001 -25"><span class='ocrx_word' id='word_1_91' title='bbox 359 1836 429 1916; x_wconf 90' lang='lat' dir='ltr'>sibi</span> <span class='ocrx_word' id='word_1_92' title='bbox 448 1833 698 1911; x_wconf 90' lang='lat' dir='ltr'>consuluisset</span> <span class='ocrx_word' id='word_1_93' title='bbox 721 1832 1009 1938; x_wconf 89' lang='lat' dir='ltr'>aliquantulum.</span> <span class='ocrx_word' id='word_1_94' title='bbox 1026 1835 1113 1927; x_wconf 90' lang='lat' dir='ltr'>Quo</span> <span class='ocrx_word' id='word_1_95' title='bbox 1136 1836 1347 1940; x_wconf 86' lang='lat' dir='ltr'>spondente</span> <span class='ocrx_word' id='word_1_96' title='bbox 1367 1836 1566 1935; x_wconf 85' lang='lat' dir='ltr'>auxilium,</span> <span class='ocrx_word' id='word_1_97' title='bbox 1585 1837 1706 1914; x_wconf 91' lang='lat' dir='ltr'>oritur</span> <span class='ocrx_word' id='word_1_98' title='bbox 1726 1839 1776 1914; x_wconf 93' lang='lat' dir='ltr'>in-</span> 
     </span>
     <span class='ocr_line' id='line_1_12' title="bbox 358 1964 1775 2070; baseline 0 -26"><span class='ocrx_word' id='word_1_99' title='bbox 358 1987 416 2044; x_wconf 92' lang='lat' dir='ltr'>ter</span> <span class='ocrx_word' id='word_1_100' title='bbox 433 1965 606 2042; x_wconf 83' lang='lat' dir='ltr'>abbatem</span> <span class='ocrx_word' id='word_1_101' title='bbox 628 1982 665 2039; x_wconf 93' lang='lat' dir='ltr'>et</span> <span class='ocrx_word' id='word_1_102' title='bbox 684 1991 861 2041; x_wconf 88' lang='lat' dir='ltr'>monacos</span> <span class='ocrx_word' id='word_1_103' title='bbox 880 1964 925 2038; x_wconf 92' lang='lat' dir='ltr'>lis</span> <span class='ocrx_word' id='word_1_104' title='bbox 946 1982 983 2039; x_wconf 89' lang='lat' dir='ltr'>et</span> <span class='ocrx_word' id='word_1_105' title='bbox 1003 1964 1213 2056; x_wconf 71' lang='lat' dir='ltr'>eontentio,</span> <span class='ocrx_word' id='word_1_106' title='bbox 1234 1992 1325 2070; x_wconf 90' lang='lat' dir='ltr'>que,</span> <span class='ocrx_word' id='word_1_107' title='bbox 1346 1967 1438 2043; x_wconf 92' lang='lat' dir='ltr'>dum</span> <span class='ocrx_word' id='word_1_108' title='bbox 1453 1968 1653 2043; x_wconf 89' lang='lat' dir='ltr'>Taruenne</span> <span class='ocrx_word' id='word_1_109' title='bbox 1675 1967 1775 2044; x_wconf 89' lang='lat' dir='ltr'>liniri</span> 
     </span>
     <span class='ocr_line' id='line_1_13' title="bbox 361 2093 1774 2201; baseline 0.001 -29"><span class='ocrx_word' id='word_1_110' title='bbox 361 2126 437 2173; x_wconf 93' lang='lat' dir='ltr'>non</span> <span class='ocrx_word' id='word_1_111' title='bbox 460 2111 624 2200; x_wconf 89' lang='lat' dir='ltr'>poterat,</span> <span class='ocrx_word' id='word_1_112' title='bbox 653 2095 780 2169; x_wconf 85' lang='lat' dir='ltr'>Remis</span> <span class='ocrx_word' id='word_1_113' title='bbox 800 2095 847 2170; x_wconf 91' lang='lat' dir='ltr'>ad</span> <span class='ocrx_word' id='word_1_114' title='bbox 869 2093 1198 2201; x_wconf 82' lang='lat' dir='ltr'>metropolitanam</span> <span class='ocrx_word' id='word_1_115' title='bbox 1227 2095 1356 2171; x_wconf 88' lang='lat' dir='ltr'>sedem</span> <span class='ocrx_word' id='word_1_116' title='bbox 1380 2124 1487 2171; x_wconf 88' lang='lat' dir='ltr'>cause</span> <span class='ocrx_word' id='word_1_117' title='bbox 1515 2096 1559 2171; x_wconf 84' lang='lat' dir='ltr'>fit</span> <span class='ocrx_word' id='word_1_118' title='bbox 1577 2097 1774 2201; x_wconf 88' lang='lat' dir='ltr'>appelatio.</span> 
     </span>
     <span class='ocr_line' id='line_1_14' title="bbox 363 2213 1776 2331; baseline 0 -28"><span class='ocrx_word' id='word_1_119' title='bbox 363 2229 450 2321; x_wconf 91' lang='lat' dir='ltr'>Quo</span> <span class='ocrx_word' id='word_1_120' title='bbox 471 2225 562 2301; x_wconf 92' lang='lat' dir='ltr'>dum</span> <span class='ocrx_word' id='word_1_121' title='bbox 582 2224 799 2315; x_wconf 89' lang='lat' dir='ltr'>tenderent,</span> <span class='ocrx_word' id='word_1_122' title='bbox 816 2224 1002 2329; x_wconf 79' lang='lat' dir='ltr'>famulum</span> <span class='ocrx_word' id='word_1_123' title='bbox 1020 2226 1202 2303; x_wconf 84' lang='lat' dir='ltr'>lobannis</span> <span class='ocrx_word' id='word_1_124' title='bbox 1217 2213 1399 2331; x_wconf 77' lang='lat' dir='ltr'>episcopi,</span> <span class='ocrx_word' id='word_1_125' title='bbox 1421 2254 1535 2331; x_wconf 91' lang='lat' dir='ltr'>quem</span> <span class='ocrx_word' id='word_1_126' title='bbox 1551 2254 1620 2330; x_wconf 89' lang='lat' dir='ltr'>pro</span> <span class='ocrx_word' id='word_1_127' title='bbox 1640 2227 1776 2304; x_wconf 92' lang='lat' dir='ltr'>ducatu</span> 
     </span>
     <span class='ocr_line' id='line_1_15' title="bbox 362 2354 1778 2462; baseline 0.001 -30"><span class='ocrx_word' id='word_1_128' title='bbox 362 2357 513 2462; x_wconf 88' lang='lat' dir='ltr'>abipso</span> <span class='ocrx_word' id='word_1_129' title='bbox 540 2355 687 2430; x_wconf 92' lang='lat' dir='ltr'>monaci</span> <span class='ocrx_word' id='word_1_130' title='bbox 714 2373 947 2459; x_wconf 84' lang='lat' dir='ltr'>acceperant,</span> <span class='ocrx_word' id='word_1_131' title='bbox 967 2372 1139 2461; x_wconf 89' lang='lat' dir='ltr'>parentes</span> <span class='ocrx_word' id='word_1_132' title='bbox 1165 2355 1283 2461; x_wconf 91' lang='lat' dir='ltr'>ipsius</span> <span class='ocrx_word' id='word_1_133' title='bbox 1312 2354 1455 2433; x_wconf 89' lang='lat' dir='ltr'>abbatis</span> <span class='ocrx_word' id='word_1_134' title='bbox 1473 2355 1682 2445; x_wconf 88' lang='lat' dir='ltr'>Hermetis,</span> <span class='ocrx_word' id='word_1_135' title='bbox 1712 2356 1778 2433; x_wconf 92' lang='lat' dir='ltr'>illo</span> 
     </span>
     <span class='ocr_line' id='line_1_16' title="bbox 363 2484 1779 2592; baseline 0 -30"><span class='ocrx_word' id='word_1_136' title='bbox 363 2487 504 2574; x_wconf 87' lang='lat' dir='ltr'>nescio,</span> <span class='ocrx_word' id='word_1_137' title='bbox 526 2484 770 2560; x_wconf 87' lang='lat' dir='ltr'>interficiunt.</span> <span class='ocrx_word' id='word_1_138' title='bbox 807 2485 925 2592; x_wconf 89' lang='lat' dir='ltr'>Cujus</span> <span class='ocrx_word' id='word_1_139' title='bbox 954 2502 1076 2563; x_wconf 84' lang='lat' dir='ltr'>morte</span> <span class='ocrx_word' id='word_1_140' title='bbox 1102 2485 1268 2562; x_wconf 83' lang='lat' dir='ltr'>offensus</span> <span class='ocrx_word' id='word_1_141' title='bbox 1292 2485 1509 2591; x_wconf 90' lang='lat' dir='ltr'>episeopus,</span> <span class='ocrx_word' id='word_1_142' title='bbox 1540 2485 1708 2561; x_wconf 92' lang='lat' dir='ltr'>animum</span> <span class='ocrx_word' id='word_1_143' title='bbox 1732 2488 1779 2562; x_wconf 89' lang='lat' dir='ltr'>ad</span> 
     </span>
     <span class='ocr_line' id='line_1_17' title="bbox 363 2613 1778 2722; baseline -0.001 -29"><span class='ocrx_word' id='word_1_144' title='bbox 363 2615 626 2722; x_wconf 91' lang='lat' dir='ltr'>opitulandum</span> <span class='ocrx_word' id='word_1_145' title='bbox 647 2613 771 2689; x_wconf 88' lang='lat' dir='ltr'>abbati</span> <span class='ocrx_word' id='word_1_146' title='bbox 793 2616 1011 2704; x_wconf 87' lang='lat' dir='ltr'>substraxit,</span> <span class='ocrx_word' id='word_1_147' title='bbox 1039 2632 1152 2722; x_wconf 91' lang='lat' dir='ltr'>atque</span> <span class='ocrx_word' id='word_1_148' title='bbox 1178 2617 1226 2691; x_wconf 90' lang='lat' dir='ltr'>ad</span> <span class='ocrx_word' id='word_1_149' title='bbox 1249 2617 1521 2692; x_wconf 89' lang='lat' dir='ltr'>monachorum</span> <span class='ocrx_word' id='word_1_150' title='bbox 1548 2615 1778 2692; x_wconf 91' lang='lat' dir='ltr'>voluntatem</span> 
     </span>
     <span class='ocr_line' id='line_1_18' title="bbox 362 2743 1781 2850; baseline 0 -30"><span class='ocrx_word' id='word_1_151' title='bbox 362 2745 594 2850; x_wconf 89' lang='lat' dir='ltr'>implendam</span> <span class='ocrx_word' id='word_1_152' title='bbox 614 2771 652 2819; x_wconf 90' lang='lat' dir='ltr'>se</span> <span class='ocrx_word' id='word_1_153' title='bbox 675 2760 800 2819; x_wconf 90' lang='lat' dir='ltr'>totum</span> <span class='ocrx_word' id='word_1_154' title='bbox 824 2746 950 2820; x_wconf 84' lang='lat' dir='ltr'>erexit.</span> <span class='ocrx_word' id='word_1_155' title='bbox 971 2747 1002 2822; x_wconf 91' lang='lat' dir='ltr'>V</span> <span class='ocrx_word' id='word_1_156' title='bbox 1005 2746 1113 2821; x_wconf 91' lang='lat' dir='ltr'>idens</span> <span class='ocrx_word' id='word_1_157' title='bbox 1131 2774 1219 2822; x_wconf 90' lang='lat' dir='ltr'>vero</span> <span class='ocrx_word' id='word_1_158' title='bbox 1240 2745 1354 2823; x_wconf 90' lang='lat' dir='ltr'>abbas</span> <span class='ocrx_word' id='word_1_159' title='bbox 1372 2773 1409 2820; x_wconf 91' lang='lat' dir='ltr'>se</span> <span class='ocrx_word' id='word_1_160' title='bbox 1432 2745 1470 2820; x_wconf 91' lang='lat' dir='ltr'>in</span> <span class='ocrx_word' id='word_1_161' title='bbox 1491 2743 1668 2821; x_wconf 92' lang='lat' dir='ltr'>omnibus</span> <span class='ocrx_word' id='word_1_162' title='bbox 1687 2745 1781 2821; x_wconf 86' lang='lat' dir='ltr'>infe-</span> 
     </span>
     <span class='ocr_line' id='line_1_19' title="bbox 361 2873 1779 2981; baseline 0.001 -32"><span class='ocrx_word' id='word_1_163' title='bbox 361 2876 517 2960; x_wconf 89' lang='lat' dir='ltr'>riorem,</span> <span class='ocrx_word' id='word_1_164' title='bbox 533 2873 617 2949; x_wconf 86' lang='lat' dir='ltr'>loco</span> <span class='ocrx_word' id='word_1_165' title='bbox 633 2874 755 2961; x_wconf 88' lang='lat' dir='ltr'>cessit,</span> <span class='ocrx_word' id='word_1_166' title='bbox 774 2890 885 2981; x_wconf 87' lang='lat' dir='ltr'>atque</span> <span class='ocrx_word' id='word_1_167' title='bbox 901 2875 940 2950; x_wconf 93' lang='lat' dir='ltr'>in</span> <span class='ocrx_word' id='word_1_168' title='bbox 954 2876 1116 2980; x_wconf 90' lang='lat' dir='ltr'>quadam</span> <span class='ocrx_word' id='word_1_169' title='bbox 1135 2874 1329 2952; x_wconf 90' lang='lat' dir='ltr'>ecclesiola</span> <span class='ocrx_word' id='word_1_170' title='bbox 1350 2875 1465 2951; x_wconf 90' lang='lat' dir='ltr'>saneti</span> <span class='ocrx_word' id='word_1_171' title='bbox 1486 2873 1619 2951; x_wconf 90' lang='lat' dir='ltr'>Nicasii</span> <span class='ocrx_word' id='word_1_172' title='bbox 1635 2876 1779 2981; x_wconf 82' lang='lat' dir='ltr'>Remis,</span> 
     </span>
     <span class='ocr_line' id='line_1_20' title="bbox 361 3002 1781 3111; baseline 0.001 -31"><span class='ocrx_word' id='word_1_173' title='bbox 361 3033 479 3110; x_wconf 92' lang='lat' dir='ltr'>usqne</span> <span class='ocrx_word' id='word_1_174' title='bbox 503 3003 551 3078; x_wconf 89' lang='lat' dir='ltr'>ad</span> <span class='ocrx_word' id='word_1_175' title='bbox 571 3002 717 3079; x_wconf 92' lang='lat' dir='ltr'>obitum</span> <span class='ocrx_word' id='word_1_176' title='bbox 740 3033 851 3079; x_wconf 90' lang='lat' dir='ltr'>suum</span> <span class='ocrx_word' id='word_1_177' title='bbox 873 3033 911 3081; x_wconf 91' lang='lat' dir='ltr'>se</span> <span class='ocrx_word' id='word_1_178' title='bbox 935 3004 1099 3082; x_wconf 87' lang='lat' dir='ltr'>inclusit.</span> <span class='ocrx_word' id='word_1_179' title='bbox 1120 3005 1327 3111; x_wconf 88' lang='lat' dir='ltr'>Episcopus</span> <span class='ocrx_word' id='word_1_180' title='bbox 1344 3033 1431 3081; x_wconf 89' lang='lat' dir='ltr'>vero</span> <span class='ocrx_word' id='word_1_181' title='bbox 1453 3005 1642 3111; x_wconf 92' lang='lat' dir='ltr'>quendam</span> <span class='ocrx_word' id='word_1_182' title='bbox 1660 3004 1781 3097; x_wconf 74' lang='lat' dir='ltr'>virum</span> 
     </span>
     <span class='ocr_line' id='line_1_21' title="bbox 362 3133 1783 3242; baseline 0.002 -34"><span class='ocrx_word' id='word_1_183' title='bbox 362 3133 580 3241; x_wconf 80' lang='lat' dir='ltr'>religiosum</span> <span class='ocrx_word' id='word_1_184' title='bbox 601 3133 755 3209; x_wconf 90' lang='lat' dir='ltr'>nomine</span> <span class='ocrx_word' id='word_1_185' title='bbox 776 3135 983 3220; x_wconf 90' lang='lat' dir='ltr'>Thomam‚</span> <span class='ocrx_word' id='word_1_186' title='bbox 1004 3163 1127 3241; x_wconf 90' lang='lat' dir='ltr'>nuper</span> <span class='ocrx_word' id='word_1_187' title='bbox 1150 3163 1194 3211; x_wconf 84' lang='lat' dir='ltr'>ex</span> <span class='ocrx_word' id='word_1_188' title='bbox 1218 3135 1410 3240; x_wconf 88' lang='lat' dir='ltr'>preposito</span> <span class='ocrx_word' id='word_1_189' title='bbox 1431 3134 1654 3211; x_wconf 87' lang='lat' dir='ltr'>clericorum</span> <span class='ocrx_word' id='word_1_190' title='bbox 1675 3163 1783 3242; x_wconf 85' lang='lat' dir='ltr'>regu-</span> 
     </span>
     <span class='ocr_line' id='line_1_22' title="bbox 363 3263 1784 3373; baseline 0.004 -36"><span class='ocrx_word' id='word_1_191' title='bbox 363 3263 499 3341; x_wconf 89' lang='lat' dir='ltr'>larium</span> <span class='ocrx_word' id='word_1_192' title='bbox 516 3263 743 3339; x_wconf 89' lang='lat' dir='ltr'>monachum</span> <span class='ocrx_word' id='word_1_193' title='bbox 761 3264 990 3341; x_wconf 87' lang='lat' dir='ltr'>Sithiensem</span> <span class='ocrx_word' id='word_1_194' title='bbox 1009 3265 1202 3351; x_wconf 83' lang='lat' dir='ltr'>effectum,</span> <span class='ocrx_word' id='word_1_195' title='bbox 1218 3264 1467 3373; x_wconf 84' lang='lat' dir='ltr'>Bergensibus</span> <span class='ocrx_word' id='word_1_196' title='bbox 1488 3264 1661 3341; x_wconf 84' lang='lat' dir='ltr'>abbatem</span> <span class='ocrx_word' id='word_1_197' title='bbox 1677 3264 1784 3342; x_wconf 90' lang='lat' dir='ltr'>subs-</span> 
     </span>
     <span class='ocr_line' id='line_1_23' title="bbox 361 3394 1782 3499; baseline 0.002 -30"><span class='ocrx_word' id='word_1_198' title='bbox 361 3395 482 3482; x_wconf 74' lang='lat' dir='ltr'>tituit,</span> <span class='ocrx_word' id='word_1_199' title='bbox 510 3411 548 3471; x_wconf 89' lang='lat' dir='ltr'>et</span> <span class='ocrx_word' id='word_1_200' title='bbox 572 3394 706 3470; x_wconf 92' lang='lat' dir='ltr'>eodem</span> <span class='ocrx_word' id='word_1_201' title='bbox 735 3422 851 3483; x_wconf 86' lang='lat' dir='ltr'>anno,</span> <span class='ocrx_word' id='word_1_202' title='bbox 881 3395 920 3469; x_wconf 93' lang='lat' dir='ltr'>in</span> <span class='ocrx_word' id='word_1_203' title='bbox 952 3395 1186 3499; x_wconf 88' lang='lat' dir='ltr'>depositione</span> <span class='ocrx_word' id='word_1_204' title='bbox 1216 3396 1331 3471; x_wconf 90' lang='lat' dir='ltr'>saneti</span> <span class='ocrx_word' id='word_1_205' title='bbox 1359 3395 1520 3479; x_wconf 90' lang='lat' dir='ltr'>Bertini,</span> <span class='ocrx_word' id='word_1_206' title='bbox 1551 3424 1664 3471; x_wconf 92' lang='lat' dir='ltr'>omne</span> <span class='ocrx_word' id='word_1_207' title='bbox 1686 3394 1782 3471; x_wconf 92' lang='lat' dir='ltr'>illud</span> 
     </span>
     <span class='ocr_line' id='line_1_24' title="bbox 364 3523 1783 3631; baseline 0.001 -31"><span class='ocrx_word' id='word_1_208' title='bbox 364 3524 564 3602; x_wconf 89' lang='lat' dir='ltr'>cenobium</span> <span class='ocrx_word' id='word_1_209' title='bbox 581 3524 677 3631; x_wconf 86' lang='lat' dir='ltr'>ignis</span> <span class='ocrx_word' id='word_1_210' title='bbox 696 3525 944 3628; x_wconf 89' lang='lat' dir='ltr'>consumpsit,</span> <span class='ocrx_word' id='word_1_211' title='bbox 962 3525 1032 3599; x_wconf 91' lang='lat' dir='ltr'>Dei</span> <span class='ocrx_word' id='word_1_212' title='bbox 1053 3525 1139 3599; x_wconf 89' lang='lat' dir='ltr'>satis</span> <span class='ocrx_word' id='word_1_213' title='bbox 1157 3524 1319 3600; x_wconf 91' lang='lat' dir='ltr'>evidenti</span> <span class='ocrx_word' id='word_1_214' title='bbox 1336 3523 1494 3630; x_wconf 87' lang='lat' dir='ltr'>juditio,</span> <span class='ocrx_word' id='word_1_215' title='bbox 1510 3540 1553 3598; x_wconf 94' lang='lat' dir='ltr'>ut</span> <span class='ocrx_word' id='word_1_216' title='bbox 1574 3525 1680 3629; x_wconf 88' lang='lat' dir='ltr'>cujus</span> <span class='ocrx_word' id='word_1_217' title='bbox 1701 3555 1783 3603; x_wconf 90' lang='lat' dir='ltr'>mo-</span> 
     </span>
     <span class='ocr_line' id='line_1_25' title="bbox 363 3652 1784 3761; baseline 0.002 -33"><span class='ocrx_word' id='word_1_218' title='bbox 363 3656 625 3731; x_wconf 85' lang='lat' dir='ltr'>nachumtam</span> <span class='ocrx_word' id='word_1_219' title='bbox 651 3652 811 3729; x_wconf 92' lang='lat' dir='ltr'>subdole</span> <span class='ocrx_word' id='word_1_220' title='bbox 830 3669 1098 3744; x_wconf 87' lang='lat' dir='ltr'>tractaverunt,</span> <span class='ocrx_word' id='word_1_221' title='bbox 1124 3653 1164 3727; x_wconf 93' lang='lat' dir='ltr'>in</span> <span class='ocrx_word' id='word_1_222' title='bbox 1185 3655 1266 3761; x_wconf 84' lang='lat' dir='ltr'>ejus</span> <span class='ocrx_word' id='word_1_223' title='bbox 1286 3652 1398 3743; x_wconf 78' lang='lat' dir='ltr'>festo,</span> <span class='ocrx_word' id='word_1_224' title='bbox 1426 3652 1604 3729; x_wconf 86' lang='lat' dir='ltr'>omnibus</span> <span class='ocrx_word' id='word_1_225' title='bbox 1627 3654 1784 3731; x_wconf 84' lang='lat' dir='ltr'>edificiis</span> 
     </span>
     <span class='ocr_line' id='line_1_26' title="bbox 365 3781 1784 3889; baseline 0 -29"><span class='ocrx_word' id='word_1_226' title='bbox 365 3787 598 3889; x_wconf 90' lang='lat' dir='ltr'>privarentur</span> <span class='ocrx_word' id='word_1_227' title='bbox 611 3812 685 3888; x_wconf 89' lang='lat' dir='ltr'>que</span> <span class='ocrx_word' id='word_1_228' title='bbox 707 3782 753 3857; x_wconf 93' lang='lat' dir='ltr'>ad</span> <span class='ocrx_word' id='word_1_229' title='bbox 775 3811 885 3858; x_wconf 90' lang='lat' dir='ltr'>usum</span> <span class='ocrx_word' id='word_1_230' title='bbox 907 3781 1061 3859; x_wconf 88' lang='lat' dir='ltr'>illorum</span> <span class='ocrx_word' id='word_1_231' title='bbox 1081 3802 1119 3861; x_wconf 92' lang='lat' dir='ltr'>et</span> <span class='ocrx_word' id='word_1_232' title='bbox 1138 3783 1382 3860; x_wconf 89' lang='lat' dir='ltr'>commodum</span> <span class='ocrx_word' id='word_1_233' title='bbox 1404 3783 1506 3860; x_wconf 89' lang='lat' dir='ltr'>idem</span> <span class='ocrx_word' id='word_1_234' title='bbox 1524 3784 1624 3888; x_wconf 87' lang='lat' dir='ltr'>ipse,</span> <span class='ocrx_word' id='word_1_235' title='bbox 1641 3802 1716 3862; x_wconf 84' lang='lat' dir='ltr'>tarn</span> <span class='ocrx_word' id='word_1_236' title='bbox 1733 3786 1784 3860; x_wconf 90' lang='lat' dir='ltr'>in-</span> 
     </span>
     <span class='ocr_line' id='line_1_27' title="bbox 361 3911 1592 4019; baseline 0 -30"><span class='ocrx_word' id='word_1_237' title='bbox 361 3915 461 4019; x_wconf 87' lang='lat' dir='ltr'>juste</span> <span class='ocrx_word' id='word_1_238' title='bbox 483 3913 529 3988; x_wconf 93' lang='lat' dir='ltr'>ab</span> <span class='ocrx_word' id='word_1_239' title='bbox 550 3913 603 3989; x_wconf 92' lang='lat' dir='ltr'>eis</span> <span class='ocrx_word' id='word_1_240' title='bbox 623 3911 818 3999; x_wconf 87' lang='lat' dir='ltr'>confusus,</span> <span class='ocrx_word' id='word_1_241' title='bbox 842 3912 1019 3988; x_wconf 88' lang='lat' dir='ltr'>decenter</span> <span class='ocrx_word' id='word_1_242' title='bbox 1035 3931 1072 3990; x_wconf 92' lang='lat' dir='ltr'>et</span> <span class='ocrx_word' id='word_1_243' title='bbox 1091 3914 1301 3991; x_wconf 84' lang='lat' dir='ltr'>honorifice</span> <span class='ocrx_word' id='word_1_244' title='bbox 1317 3930 1592 4019; x_wconf 82' lang='lat' dir='ltr'>preparaverat:</span> 
     </span>
    </p>
   </div>
   <div class='ocr_carea' id='block_1_3' title="bbox 1002 4184 1149 4264">
    <p class='ocr_par' dir='ltr' id='par_1_3' title="bbox 1002 4184 1149 4264">
     <span class='ocr_line' id='line_1_28' title="bbox 1002 4184 1149 4264; baseline -0.007 -4"><span class='ocrx_word' id='word_1_245' title='bbox 1002 4184 1149 4264; x_wconf 86' lang='lat' dir='ltr'><strong>XCIV.</strong></span> 
     </span>
    </p>
   </div>
   <div class='ocr_carea' id='block_1_4' title="bbox 661 4366 1492 4418">
    <p class='ocr_par' dir='ltr' id='par_1_4' title="bbox 661 4366 1492 4418">
     <span class='ocr_line' id='line_1_29' title="bbox 661 4366 1492 4418; baseline 0 -10"><span class='ocrx_word' id='word_1_246' title='bbox 661 4369 697 4408; x_wconf 74' lang='lat' dir='ltr'>DE</span> <span class='ocrx_word' id='word_1_247' title='bbox 719 4366 918 4409; x_wconf 67' lang='lat' dir='ltr'>conmunione</span> <span class='ocrx_word' id='word_1_248' title='bbox 939 4366 1033 4410; x_wconf 76' lang='lat' dir='ltr'>noum</span> <span class='ocrx_word' id='word_1_249' title='bbox 1055 4368 1216 4418; x_wconf 65' lang='grc' dir='ltr'>ΒΔΙΒΙΜΊ,</span> <span class='ocrx_word' id='word_1_250' title='bbox 1240 4367 1358 4411; x_wconf 67' lang='lat' dir='ltr'>nnana</span> <span class='ocrx_word' id='word_1_251' title='bbox 1381 4367 1492 4410; x_wconf 73' lang='lat' dir='ltr'>NOSTRI.</span> 
     </span>
    </p>
   </div>
   <div class='ocr_carea' id='block_1_5' title="bbox 359 4542 1784 4781">
    <p class='ocr_par' dir='ltr' id='par_1_5' title="bbox 359 4542 1784 4781">
     <span class='ocr_line' id='line_1_30' title="bbox 359 4542 1784 4653; baseline 0.003 -32"><span class='ocrx_word' id='word_1_252' title='bbox 359 4617 362 4621; x_wconf 86' lang='lat'>.</span> <span class='ocrx_word' id='word_1_253' title='bbox 424 4544 532 4620; x_wconf 85' lang='lat' dir='ltr'>Anno</span> <span class='ocrx_word' id='word_1_254' title='bbox 547 4543 725 4618; x_wconf 87' lang='lat' dir='ltr'>incarnati</span> <span class='ocrx_word' id='word_1_255' title='bbox 738 4542 852 4621; x_wconf 87' lang='lat' dir='ltr'>Verbi</span> <span class='ocrx_word' id='word_1_256' title='bbox 867 4556 1028 4629; x_wconf 55' lang='lat' dir='ltr'>nemin,</span> <span class='ocrx_word' id='word_1_257' title='bbox 1043 4542 1156 4622; x_wconf 85' lang='lat' dir='ltr'>abbas</span> <span class='ocrx_word' id='word_1_258' title='bbox 1175 4542 1409 4631; x_wconf 87' lang='lat' dir='ltr'>Lambertus,</span> <span class='ocrx_word' id='word_1_259' title='bbox 1426 4543 1573 4650; x_wconf 91' lang='lat' dir='ltr'>paralisi</span> <span class='ocrx_word' id='word_1_260' title='bbox 1588 4572 1631 4622; x_wconf 86' lang='lat' dir='ltr'>ex</span> <span class='ocrx_word' id='word_1_261' title='bbox 1642 4546 1784 4653; x_wconf 89' lang='lat' dir='ltr'>impro-</span> 
     </span>
     <span class='ocr_line' id='line_1_31' title="bbox 367 4672 1782 4781; baseline 0.001 -31"><span class='ocrx_word' id='word_1_262' title='bbox 367 4674 444 4750; x_wconf 86' lang='lat' dir='ltr'>viso</span> <span class='ocrx_word' id='word_1_263' title='bbox 457 4699 670 4779; x_wconf 88' lang='lat' dir='ltr'>percussus,</span> <span class='ocrx_word' id='word_1_264' title='bbox 682 4672 777 4749; x_wconf 92' lang='lat' dir='ltr'>adeo</span> <span class='ocrx_word' id='word_1_265' title='bbox 790 4673 1013 4764; x_wconf 90' lang='lat' dir='ltr'>dissolvitur,</span> <span class='ocrx_word' id='word_1_266' title='bbox 1027 4690 1084 4766; x_wconf 90' lang='lat' dir='ltr'>ut,</span> <span class='ocrx_word' id='word_1_267' title='bbox 1102 4673 1234 4750; x_wconf 88' lang='lat' dir='ltr'>amissa</span> <span class='ocrx_word' id='word_1_268' title='bbox 1246 4673 1411 4780; x_wconf 91' lang='lat' dir='ltr'>loquela,</span> <span class='ocrx_word' id='word_1_269' title='bbox 1428 4693 1466 4752; x_wconf 90' lang='lat' dir='ltr'>et</span> <span class='ocrx_word' id='word_1_270' title='bbox 1478 4673 1602 4751; x_wconf 90' lang='lat' dir='ltr'>media</span> <span class='ocrx_word' id='word_1_271' title='bbox 1613 4677 1782 4781; x_wconf 87' lang='lat' dir='ltr'>corporis</span> 
     </span>
    </p>
   </div>
   <div class='ocr_carea' id='block_1_6' title="bbox 285 4800 1788 5011">
    <p class='ocr_par' dir='ltr' id='par_1_6' title="bbox 285 4800 1788 5011">
     <span class='ocr_line' id='line_1_32' title="bbox 285 4800 1788 4912; baseline 0 -31"><span class='ocrx_word' id='word_1_272' title='bbox 285 4848 289 4855; x_wconf 95' lang='lat'>·</span> <span class='ocrx_word' id='word_1_273' title='bbox 368 4820 471 4910; x_wconf 87' lang='lat' dir='ltr'>parte</span> <span class='ocrx_word' id='word_1_274' title='bbox 488 4800 698 4892; x_wconf 86' lang='lat' dir='ltr'>debilitata,</span> <span class='ocrx_word' id='word_1_275' title='bbox 711 4801 795 4907; x_wconf 92' lang='lat' dir='ltr'>plus</span> <span class='ocrx_word' id='word_1_276' title='bbox 807 4831 919 4909; x_wconf 87' lang='lat' dir='ltr'>quam</span> <span class='ocrx_word' id='word_1_277' title='bbox 932 4801 1089 4882; x_wconf 90' lang='lat' dir='ltr'>biennio</span> <span class='ocrx_word' id='word_1_278' title='bbox 1103 4804 1281 4911; x_wconf 88' lang='lat' dir='ltr'>usquead</span> <span class='ocrx_word' id='word_1_279' title='bbox 1293 4803 1439 4883; x_wconf 89' lang='lat' dir='ltr'>obitum</span> <span class='ocrx_word' id='word_1_280' title='bbox 1456 4805 1600 4882; x_wconf 89' lang='lat' dir='ltr'>scilicet</span> <span class='ocrx_word' id='word_1_281' title='bbox 1612 4804 1788 4912; x_wconf 84' lang='lat' dir='ltr'>langues-</span> 
     </span>
     <span class='ocr_line' id='line_1_33' title="bbox 1540 4932 1711 5011; baseline 0 -18"><span class='ocrx_word' id='word_1_282' title='bbox 1540 4932 1579 5011; x_wconf 83' lang='lat'>37</span> <span class='ocrx_word' id='word_1_283' title='bbox 1709 4969 1711 4973; x_wconf 16' lang='grc' dir='ltr'><em>Α</em></span> 
     </span>
    </p>
   </div>
   <div class='ocr_carea' id='block_1_7' title="bbox 0 0 2247 5842">
    <p class='ocr_par' dir='ltr' id='par_1_7' title="bbox 0 0 2247 5842">
     <span class='ocr_line' id='line_1_34' title="bbox 0 0 2247 5842; baseline 0 0"><span class='ocrx_word' id='word_1_284' title='bbox 0 0 2247 5842; x_wconf 95' lang='lat' dir='ltr'> </span> 
     </span>
    </p>
   </div>
  </div>
 </body>
</html>
