4478 5842
545 488 674 565 Pars
696 484 944 561 SECUNDA.
964 525 1014 539 --
1033 482 1246 556 SIMONIS
1273 482 1373 554 LlB.
1401 483 1471 553 111.
1648 483 1720 551 517

302 629 398 736 ejus,
416 610 691 706 rationabiliter
703 627 799 705 lacta
813 643 884 715 est,
901 642 939 701 et
957 625 1096 732 scripto
1116 651 1184 702 suo
1199 622 1724 727 firmata,·auct0ritateapos-

226 854 229 859 Ι
300 756 412 834 tolica
428 758 716 849 confirmamus,
730 775 769 835 et
781 755 1104 863 presentis'scripti
1117 750 1556 862 pagina‘communimus.
1570 752 1723 826 Pratum

300 872 453 995 quoque
468 889 584 966 sancti
598 888 768 978 Martini,
781 904 819 963 et
831 885 994 963 femedir
1002 884 1101 962 Petri
1113 881 1330 990 presbiteri,
1349 900 1461 988 atque
1472 899 1546 959 sart
1559 880 1722 972 Alberti,

301 1046 395 1123 que,
422 1048 490 1125 pro
516 1008 1010 1101 conservanda'concordia,
1037 1015 1159 1090 eidem
1187 1012 1392 1097 Everardo‚
1417 1028 1563 1088 tantum
1589 1013 1627 1086 in
1652 1013 1723 1087 vita

299 1176 382 1240 sua,
402 1175 575 1226 concessa
593 1165 699 1237 sunt,
713 1147 816 1223 idem
829 1144 1103 1223 monasterium
1117 1143 1259 1249 absque
1273 1142 1391 1219 ullius
1408 1143 1722 1227 contradictione,

296 1277 400 1382 juxta
414 1295 585 1355 tenorem
609 1277 725 1383 ipsius
739 1276 957 1368 concordie,
973 1276 1021 1351 de
1037 1291 1161 1352 cetero
1175 1274 1302 1379 quiete
1317 1273 1516 1376 possideat.
1536 1273 1724 1350 Stationes

301 1422 429 1483 autem
459 1405 629 1513 publicas
649 1404 696 1482 ab
726 1405 902 1511 episcopo
931 1405 970 1481 in
993 1405 1129 1480 eodem
1159 1402 1241 1478 [ieri
1268 1402 1516 1491 monasterio,
1545 1405 1722 1479 eumdem

301 1537 519 1643 episcopum
535 1536 753 1641 frequenter
772 1535 915 1625 venire,
933 1532 1004 1611 nisi
1026 1534 1072 1609 ab
1086 1532 1219 1610 abbate
1237 1548 1274 1607 et
1290 1530 1468 1610 fratribus
1487 1550 1638 1610 vocatus
1650 1533 1725 1609 fue-

300 1667 367 1754 rit,
385 1668 541 1744 omnino
553 1664 813 1771 prohibemus.
828 1664 1006 1743 Obeunte
1016 1690 1104 1740 vero
1114 1680 1170 1751 te,
1184 1689 1284 1737 nunc
1300 1661 1471 1768 ejusdem
1485 1662 1557 1740 loci
1572 1664 1722 1752 abbate,

208 1783 211 1788 ’
300 1796 430 1875 nullus
444 1796 497 1874 ihi
517 1795 687 1903 qualibet
701 1795 948 1900 surreptionis
967 1793 1107 1871 astucia
1126 1792 1184 1869 vel
1199 1791 1377 1869 violentia
1393 1814 1636 1899 preponatur,
1653 1799 1723 1873 nisi

301 1955 414 2031 quem
434 1925 778 2005 fratrescomnuni
803 1953 988 2003 consensu
1010 1923 1069 2000 vel
1092 1922 1249 1999 fratrum
1270 1951 1356 2027 pars
1375 1924 1522 2001 consilii
1548 1929 1722 2016 sanioris,

300 2057 510 2133 secundum
522 2056 592 2133 Dei
603 2056 781 2133 timorem
792 2073 830 2133 et
838 2054 939 2132 beati
949 2053 1145 2132 Benedicti
1156 2051 1338 2160 regulam,
1351 2052 1519 2160 elegerit.
1532 2058 1574 2131 ln
1582 2086 1726 2137 monas

300 2186 396 2263 terio
416 2213 571 2292 quoque
592 2185 707 2263 sancti
724 2184 855 2263 Silvini
874 2184 976 2290 apud
995 2183 1204 2276 Alciacum,
1221 2183 1328 2289 juxta
1352 2183 1545 2290 antiquam
1566 2215 1724 2266 consue·

299 2316 492 2408 tudinem,
509 2315 557 2392 de
570 2331 689 2394 vestra
701 2315 988 2424 congregatione
999 2315 1147 2422 ydonea
1163 2331 1201 2391 et
1215 2313 1390 2421 religiosa
1405 2343 1567 2418 persona
1577 2347 1726 2423 semper

300 2447 340 2522 in
359 2446 534 2523 abbatem
556 2464 796 2554 preponatur,
823 2445 994 2552 eligatur.
1019 2445 1228 2522 Statuimus
1248 2445 1365 2520 eciam
1386 2462 1448 2530 ut,
1464 2446 1571 2550 juxta
1597 2449 1725 2527 decre·

299 2593 382 2657 tum
405 2577 525 2655 felicis
549 2579 731 2656 memorie
753 2576 894 2671 Urbani
918 2604 1029 2681 pape,
1059 2576 1099 2652 in
1123 2573 1421 2681 parrochialibus
1445 2576 1611 2656 ecclesiis
1633 2610 1725 2685 quas

300 2709 454 2798 tenetis,
472 2709 733 2814 episcoporum
751 2704 910 2784 consilio
929 2705 1159 2812 presbiteros
1177 2704 1384 2796 collocetis,
1403 2705 1543 2812 quibus
1561 2712 1724 2817 episcopi

300 2838 496 2942 parrochie
523 2867 649 2914 curam
679 2866 765 2914 cum
789 2854 911 2914 vestro
937 2864 1089 2915 assensu
1115 2839 1374 2928 committunt,
1400 2854 1445 2914 ut
1473 2839 1645 2946 ejusdem
1671 2871 1727 2918 sa-

302 2966 474 3043 cerdotes
494 2967 540 3044 de
562 2966 683 3072 plebis
696 2955 856 3073 ¹<puidam
877 2995 964 3044 cura
987 2969 1172 3044 rationem
1191 2967 1372 3058 reddant;
1387 2966 1494 3045 vobis
1514 2988 1640 3047 autem
1656 3003 1725 3078 pro

300 3095 416 3174 rebus
430 3097 718 3203 temporalibus,
729 3099 777 3176 ad
792 3098 1064 3176 monasterium
1080 3095 1375 3203 pertinentibus,
1397 3097 1561 3177 debitam
1584 3102 1727 3210 subjec-

300 3227 444 3304 tionem
469 3229 650 3308 exibeant.
671 3229 884 3307 Sanctimus
903 3228 1058 3335 insuper
1066 3245 1117 3304 ut
1136 3226 1232 3303 inlra
1250 3229 1463 3334 parrochias
1482 3248 1621 3307 vestras
1639 3236 1726 3310 nul—

300 3355 361 3434 lus
381 3358 575 3438 ecclesiam
597 3360 656 3437 vel
677 3360 950 3437 monasterium
970 3357 1112 3464 absque
1131 3374 1255 3435 vestro
1275 3387 1428 3435 assensu
1451 3358 1624 3436 edificare
1649 3393 1727 3464 pre·

300 3506 440 3578 sumat,
467 3488 565 3585 salva
592 3491 775 3566 nimirum
798 3489 837 3564 in
859 3487 1037 3564 omnibus
1057 3485 1260 3591 apostolice
1285 3487 1384 3562 sedis
1413 3488 1644 3566 auctoritate.
1668 3490 1725 3567 Ad

300 3616 480 3695 inditium
501 3637 627 3696 autem
641 3618 753 3725 hujus
765 3611 941 3724 percepta
955 3644 975 3691 a
991 3619 1157 3693 Romana
1177 3614 1331 3692 ecclesia
1347 3615 1552 3709 libertatis,
1570 3621 1727 3727 singulis

301 3748 408 3826 annis
428 3749 574 3825 untiam
594 3748 675 3825 auri
695 3746 807 3824 nobis
826 3747 1040 3854 nostrisque
1054 3745 1332 3824 successoribus
1350 3748 1578 3854 persolvatis.
1594 3751 1728 3828 Decer-

302 3879 429 3955 nimus
456 3906 546 3985 ergo
564 3895 607 3954 ut
626 3876 724 3953 nulli
741 3877 898 3953 omnino
912 3876 1113 3953 hominum
1129 3877 1239 3953 liceat
1253 3876 1356 3953 idem
1376 3880 1648 3956 monasterium
1665 3908 1727 3956 su·

302 4035 371 4112 per
390 4008 460 4084 hac
475 4024 603 4085 nostra
623 4005 864 4083 concessione
880 4034 922 4082 ac
940 4006 1227 4083 confirmatione
1246 4024 1388 4084 temere
1409 4009 1647 4115 perturbare,
1663 4031 1727 4086 aut

303 4136 382 4243 ejus
397 4138 652 4243 possessiones
667 4134 830 4224 auferre,
848 4136 905 4213 vel
922 4135 1063 4213 ablatas
1077 4135 1258 4227 retinere,
1277 4137 1469 4226 minnere,
1488 4155 1557 4215 etc.
1575 4177 1587 4207 υ
1605 4142 1653 4216 Ut
1672 4171 1729 4218 su-

301 4295 368 4373 pra
383 4268 422 4343 in
440 4267 635 4377 privilegio
650 4267 879 4361 Innocentii,
900 4295 1022 4373 usque
1042 4266 1082 4343 in
1097 4264 1227 4343 finem.

363 4400 467 4506 «Ego
488 4399 734 4484 Catamitus,
757 4397 940 4474 catholice
961 4397 1115 4475 ecclesie
1136 4398 1349 4504 episcopus,
1370 4397 1583 4504 subscripsi.

361 4530 527 4608 «Datum
549 4529 829 4634 Laterani,‘per
847 4557 1002 4605 manum
1026 4527 1201 4614 Gerardi‚
1230 4544 1355 4605 sancte
1377 4528 1546 4606 Romane
1573 4531 1727 4608 ecclesie

302 4659 500 4766 presbiteri
522 4656 719 4775 cardinalis
741 4656 1100 4747 ac'hihliothecarii,
1121 4676 1254 4765 quarto
1271 4658 1419 4737 decimo
1439 4655 1509 4735 lral.
1532 4659 1725 4753 februarii,

303 4793 512 4870 indictione
532 4793 710 4898 septima,
735 4791 1001 4870 incarnationis
1021 4790 1211 4868 dominice
1233 4819 1331 4868 anno
1351 4801 1391 4868 u⁰
1410 4805 1580 4881 c⁰xn1u⁰,
1602 4792 1728 4895 ponti-
