4478 5842
553 463 676 535 PARS
702 461 945 535 SECUNDA.
966 502 1015 515 -
1033 459 1244 533 SIMONIS
1271 460 1365 532 LIB.
1393 462 1439 532 ΙΙ.
1636 459 1706 530 251

302 605 385 697 Dei,
402 621 437 683 et
449 604 566 681 sancti
581 604 740 694 bertini,
762 602 916 708 aliquod
934 601 1089 678 ecclesie
1104 619 1169 678 tue
1188 600 1413 678 benefitium
1435 602 1474 679 iu
1492 617 1619 687 nostro
1642 597 1713 704 epi-

253 796 256 801 .
295 753 448 842 scopatu
460 735 637 826 concedi,
653 765 723 812 nos
738 734 868 840 igitur,
885 761 952 838 pro
970 748 1033 811 tua
1047 733 1147 808 bona
1164 732 1364 808 devotione
1377 749 1414 817 et
1428 729 1642 827 monasterii
1655 728 1710 805 tui

296 867 495 973 religione,
512 866 711 972 diligenter
723 880 950 953 annuentes,
968 863 1014 939 ad
1035 861 1299 938 remissionem
1314 879 1550 967 pcccatorum
1566 877 1713 943 nostro-

296 1026 380 1072 rnm
394 1013 641 1101 nostrumque
657 992 969 1081 anniversarium,
983 992 1136 1075 Roberti
1157 991 1408 1071 archidiaconi
1428 992 1546 1068 nostri
1562 1018 1713 1071 assensu

294 1143 331 1203 et
346 1126 568 1202 clericorum
583 1142 800 1203 nostrorum
815 1122 994 1211 consilio,
1008 1121 1095 1213 tibi,
1118 1121 1212 1207 abba
1224 1123 1442 1218 Lambctte,
1464 1123 1612 1226 tuisque
1633 1150 1714 1204 suc-

293 1256 501 1334 cessoribus
514 1274 551 1331 et
566 1254 720 1332 ecclesie
731 1253 846 1331 sancti
860 1251 1257 1330 Rertiniconcedimus
1268 1269 1306 1329 et
1317 1252 1587 1329 confirmamus
1599 1250 1713 1337 attare

294 1388 341 1463 de
366 1386 561 1492 Sliswege‚
583 1384 697 1461 altare
723 1384 771 1460 de
792 1381 1082 1490 Svelguekerlce,
1107 1382 1223 1459 altare
1251 1383 1297 1459 de
1319 1382 1586 1488 Ermingebem
1609 1397 1646 1467 et
1665 1381 1712 1456 de

293 1514 549 1602 Bovenkerhe,
574 1514 811 1618 inperpetuo
840 1512 1014 1595 libertate
1035 1529 1073 1587 et
1095 1511 1273 1587 canonica
1298 1515 1530 1616 possessione
1547 1513 1633 1618 jure
1658 1529 1713 1589 te-

293 1646 434 1735 nenda;
461 1644 756 1725 cathedraticum
776 1657 941 1733 tantum,
967 1657 1005 1717 et
1023 1669 1098 1747 que
1121 1639 1301 1725 sinodalis
1317 1642 1415 1747 juris,
1432 1661 1537 1734 sunt,
1556 1643 1713 1750 singulis

291 1777 398 1852 annis
410 1773 640 1880 persolvetis.
659 1771 878 1861 Prosbiteri,
902 1771 969 1877 qui
985 1771 1129 1854 eisdem
1154 1771 1332 1849 altaribus
1352 1773 1616 1863 deservierint,
1635 1772 1714 1878 epi-

291 1933 404 2011 scopo
420 1904 650 1983 Tornacensi
672 1902 839 1985 debitam
854 1901 1043 2008 justiciam
1060 1918 1096 1976 et
1110 1901 1366 1978 obedientiam
1380 1904 1595 1981 exibebunt.
1615 1886 1720 1994 Hes,
1813 1933 1817 1942 ’

290 2051 333 2111 ut
351 2034 401 2112 ita
420 2034 461 2108 iu
475 2051 667 2139 posterum
683 2032 900 2109 inconuulsa
916 2048 1179 2137 permaneant,
1201 2032 1311 2139 sigilli
1331 2034 1450 2110 nostri
1466 2034 1711 2139 impressione

289 2163 494 2270 signamus,
521 2181 713 2241 eteorum
743 2162 808 2267 qui
837 2161 1036 2267 subscripti
1062 2179 1150 2243 sunt
1168 2161 1386 2241 testimonio
1411 2165 1709 2245 corroboramus.

290 2292 470 2399 Quisquis
483 2310 608 2374 autem
625 2304 754 2370 contra
771 2293 867 2374 bano
883 2291 1024 2375 decreti
1045 2291 1165 2369 nostri
1186 2292 1358 2398 paginam
1381 2293 1436 2369 ire
1455 2297 1708 2398 temptaverit,

286 2424 488 2505 anathema
504 2425 566 2514 sit,
590 2425 710 2499 donec
730 2424 922 2528 resipiscat
939 2439 977 2498 et
995 2421 1202 2499 satisfaciat.

346 2553 506 2630 «Actum
530 2554 631 2658 apud
652 2553 865 2644 Roslaram‚
890 2538 989 2627 anno
1011 2551 1277 2628 incarnationis
1298 2553 1486 2629 dominice
1507 2553 1710 2631 millesimo

290 2683 493 2759 centesimo
509 2683 794 2770 decimonono,
816 2682 1021 2758 indictione
1043 2681 1279 2758 duodecima.

458 2884 603 2965 «Signum
626 2885 795 2952 Lausum,
821 2884 1013 2944 Tornncensis
1039 2887 1175 2968 episcopi.
1206 2884 1331 2966 Signum
1355 2886 1515 2956 Jonsnms,
1541 2883 1711 2952 blorinsirsis

497 2987 636 3070 episcopi.
651 2987 776 3068 Signum
790 2987 938 3055 bonnam,
950 2985 1161 3049 Attrebntensis
1173 2987 1380 3049 archidiaconi.
1394 2988 1519 3072 Signum
1531 2991 1711 3066 Hsmnsnrt,

496 3088 670 3148 Morinensis
699 3087 905 3147 archidiaconi.
935 3087 1061 3170 Signum
1094 3088 1272 3159 Gnatum,
1304 3092 1477 3151 Morinonsis
1507 3093 1709 3157 archidiaconi.

497 3187 621 3270 Signum
637 3189 774 3257 Annnrm,
794 3187 951 3272 capellani,
966 3200 995 3251 et
1007 3190 1140 3252 aliorum.
1258 3164 1266 3180 ι

433 3307 514 3390 «Ego
527 3306 628 3378 Hono,
643 3309 849 3379 cancellarius,
864 3310 1023 3393 subscripsi
1038 3321 1067 3371 et
1079 3311 1279 3372 confirmavi..

951 3575 1043 3648 XX.

295 3781 448 3823 nxttttnnatt
469 3782 561 3822 centn
581 3782 739 3832 Jontnms,
763 3783 904 3834 nesscont,
928 3783 966 3825 DE
987 3784 1165 3826 TRADlTIONR
1187 3785 1225 3826 DE
1245 3786 1403 3837 oxsnntttn,
1425 3789 1517 3832 tuns
1539 3792 1695 3834 GASLETUM.

333 3976 354 4033 ἰι
367 3966 568 4057 lohannes,
582 3967 652 4043 Dei
669 3968 798 4074 gratia,
815 3970 1051 4047 Morinorum
1065 3973 1277 4079 episcopus,
1294 3975 1397 4051 fratri
1414 3979 1633 4073 Lamberto,
1648 4008 1709 4060 ve·
1815 4019 1823 4049 ι

284 4093 440 4170 nerabili
456 4094 580 4172 abbati
595 4096 711 4175 sancti
724 4097 885 4189 Bertini,
900 4101 1057 4209 ejusque
1068 4104 1346 4205 successoribus
1359 4106 1399 4181 in
1411 4127 1635 4214 perpetuum
1651 4141 1707 4188 re·

282 4225 461 4332 gulariter
480 4226 765 4308 substituendis.
783 4230 925 4309 locum
943 4231 1008 4337 qui
1030 4231 1167 4317 dicitur
1187 4233 1406 4328 Osclarum,
1425 4238 1465 4314 in
1486 4268 1581 4358 pago
1596 4243 1711 4322 Mem·

245 4465 246 4468 Ἴ
282 4355 403 4460 piano,
421 4357 526 4463 juxta
539 4375 710 4439 montem
724 4359 850 4437 Cassel
868 4360 981 4439 situm
994 4422 1003 4451 ,
1018 4362 1058 4438 in
1077 4391 1153 4470 quo
1171 4364 1346 4444 videlicet
1361 4386 1418 4446 est
1436 4370 1591 4449 ecclesia
1608 4373 1709 4452 beati

283 4485 432 4563 Martini
449 4485 489 4562 in
510 4486 654 4564 honore
671 4487 844 4581 lundata,
858 4507 935 4569 tam
952 4490 1177 4573 elericorum
1197 4525 1311 4602 quam
1327 4515 1364 4575 ot
1382 4498 1564 4580 laicorum
1577 4506 1710 4585 vicino

282 4642 367 4691 rum
397 4615 572 4720 precibus
590 4635 762 4726 rogatus,
788 4620 1028 4725 providentie
1054 4641 1118 4703 tue
1139 4641 1371 4736 tuorumque
1394 4660 1649 4713 successorum
1670 4638 1709 4713 in

282 4760 530 4850 perpetuum,
551 4776 638 4831 oum
655 4749 833 4829 omnibus
844 4780 921 4858 que
936 4752 984 4831 ad
1005 4755 1164 4833 eandem
1182 4757 1374 4837 ecclesiam
1390 4764 1581 4867 pertinent
1589 4784 1606 4858 ‚'
1615 4766 1710 4843 lide-
