4478 5842
557 504 679 577 PARS
712 502 959 576 SECUNDA.
977 542 1028 554 —
1045 498 1256 573 SIMONIS
1282 500 1375 572 LIB.
1402 502 1430 574 1.
1635 503 1705 575 175

284 645 481 721 honestate
507 644 676 734 nudatis,
705 645 852 731 denuo,
875 642 1094 719 necessitate
1115 657 1291 749 urgente,
1314 658 1547 745 reparantur,
1571 642 1707 720 muris-

284 802 357 880 que
381 791 575 882 utcunque
599 775 785 853 stantibus
806 790 1127 881 superponuntur.

959 1078 1026 1151 lV.

339 1282 443 1374 Quid
464 1281 595 1388 plural
626 1282 770 1359 cunctis
800 1308 869 1386 pro
891 1295 1063 1386 tempore
1097 1310 1138 1356 ac
1167 1307 1237 1385 pro
1271 1306 1379 1384 posse
1409 1279 1605 1384 reparatis,
1638 1307 1707 1355 seu

280 1414 409 1518 potius
431 1413 630 1507 dealbatis,
659 1413 813 1520 quidam
844 1429 1060 1488 nostrorum
1089 1412 1200 1488 citius
1228 1428 1347 1499 recto,
1373 1440 1450 1489 non
1474 1409 1597 1487 multo
1621 1428 1708 1516 post

220 1556 223 1561 '
281 1560 469 1650 tempore,
491 1543 712 1621 visitationis
731 1572 798 1621 sue
819 1542 945 1631 obliti,
968 1543 1073 1619 etad
1093 1542 1357 1620 abrenuntiata
1381 1542 1629 1618 irreverenter
1649 1571 1708 1618 re-

281 1675 394 1765 versi,
417 1675 658 1781 necdumque
678 1673 757 1751 lece
782 1673 970 1750 malomm
990 1702 1144 1752 suorum
1171 1673 1375 1767 exinanita,
1402 1674 1556 1750 demum
1578 1672 1708 1751 diabo-

159 1880 162 1887 ,
282 1804 352 1881 lice
376 1805 619 1912 malignitatis
637 1804 892 1911 illaqueantur
911 1806 1054 1911 pedica.
1077 1806 1176 1884 Cum
1197 1833 1282 1882 ecce
1300 1805 1425 1881 divina
1445 1804 1618 1911 majestas
1638 1832 1708 1883 nos

282 1935 475 2027 territura,
508 1938 681 2028 demum,
710 1953 799 2043 post
827 1935 1042 2042 aliquorum
1071 1964 1257 2012 annorum
1288 1935 1539 2025 curriculum,
1568 1936 1607 2012 in
1638 1964 1708 2014 nos

283 2064 452 2170 gladium
481 2095 592 2144 suum
612 2067 783 2161 vibravit,
805 2095 846 2143 ac
866 2066 989 2143 subita
1011 2083 1116 2173 peste
1142 2065 1301 2142 multam
1324 2084 1469 2171 partem
1491 2084 1707 2144 nostrorum

179 2194 184 2203 '
282 2195 388 2273 letho
409 2212 521 2273 tenus
539 2198 712 2304 percutit.
743 2200 818 2275 Nec
847 2214 926 2274 erat
957 2215 1047 2274 tuuc
1071 2195 1150 2274 ulla
1173 2195 1422 2272 morientium
1448 2196 1617 2301 requies,
1643 2196 1710 2273 sed

282 2325 414 2402 dietim
433 2329 662 2405 corruebant
675 2328 794 2404 velud
808 2304 981 2405 nioduide
998 2357 1100 2421 oves;
1123 2356 1226 2418 cum,
1249 2325 1316 2403 illo
1331 2326 1390 2405 vel
1410 2324 1486 2402 illis
1504 2324 1705 2417 defunctis,
1730 2376 1736 2389 ·

282 2457 405 2534 adhuc
425 2486 558 2536 eorum
580 2459 782 2564 sepulturis
800 2459 1054 2547 inserviretur,
1074 2487 1157 2535 ecce
1175 2456 1334 2535 aliorum
1358 2459 1477 2535 exitus
1495 2454 1619 2533 subito
1642 2456 1708 2533 de-

281 2605 488 2665 nuntiatur.

970 2800 1013 2873 V.

338 2996 506 3077 Plurimo
523 3000 676 3078 interim
693 3001 864 3110 ejusdem
884 3002 1000 3107 pestis
1020 3001 1177 3080 horrore
1197 3003 1337 3094 affecti,
1356 3020 1467 3108 atque
1487 3001 1624 3110 singuli
1645 3028 1708 3078 su-

211 3186 219 3203 .
281 3159 349 3234 per
372 3158 410 3206 se
430 3129 556 3207 subito
577 3130 702 3208 luture
720 3130 853 3209 mortis
873 3131 1051 3237 suspecti,
1075 3131 1235 3209 multam
1255 3131 1443 3210 malorum
1465 3160 1620 3208 suorum
1642 3160 1709 3238 pe-

282 3258 480 3336 nitentiam
501 3260 636 3338 iterato
657 3280 839 3368 ceperunt
859 3290 1005 3370 gerere,
1035 3261 1082 3338 de
1105 3262 1251 3340 intimis
1276 3262 1515 3340 lacrimarum
1540 3262 1708 3369 suspiriis

283 3390 537 3468 exacerbatam
558 3390 667 3470 malis
687 3394 764 3469 suis
784 3394 938 3494 Domini
959 3392 1091 3469 laciem
1112 3393 1271 3497 placare.
1294 3395 1401 3469 Tunc
1421 3421 1592 3470 cernercs
1611 3393 1707 3468 illud

282 3523 529 3628 apostolicum
549 3522 648 3600 bene
669 3523 867 3630 compleri:
892 3523 1111 3628 Confitemini
1130 3526 1336 3601 alterutrum
1354 3539 1506 3627 peccato
1524 3541 1654 3611 vestro,
1674 3540 1709 3601 et

281 3672 378 3732 orale
394 3684 457 3759 pro
480 3659 624 3732 invicem
648 3671 686 3732 ut
703 3658 894 3733 salvemini.
916 3656 991 3732 Nec
1011 3655 1136 3731 minus
1156 3683 1290 3732 omnes
1310 3654 1574 3761 peculiaritatis
1600 3683 1707 3733 recu-

281 3785 334 3862 las
354 3787 395 3860 in
415 3786 586 3862 medium
607 3784 784 3889 proferri,
803 3786 1021 3892 antepedes
1042 3786 1174 3863 domni
1195 3786 1340 3864 abbatis
1359 3785 1532 3863 Roderici
1554 3787 1704 3892 exponi,

283 3913 396 4019 digne
417 3914 651 4018 penitudinis
672 3930 710 3991 et
730 3914 968 3991 lacrimarum
988 3917 1141 3993 lluentis
1161 3916 1401 4023 rebaptizari,
1424 3932 1476 4008 et,
1499 3933 1542 3992 ut
1558 3914 1707 3992 brevius

283 4043 525 4134 concludam,
553 4044 613 4119 his
644 4046 862 4151 cunctisque
892 4043 1001 4123 malis
1031 4045 1288 4122 abrenuntiari
1319 4064 1356 4123 et
1387 4047 1565 4124 omnibus
1594 4046 1707 4124 bonis

282 4174 441 4251 invitari.
463 4177 537 4252 Nec
556 4193 683 4252 tamen
710 4176 762 4252 sic
784 4177 888 4253 omni
910 4177 1194 4285 quadragesima
1218 4194 1402 4254 cessatum
1424 4193 1480 4253 est
1506 4178 1553 4254 ab
1575 4178 1708 4286 hujus·
1741 4262 1747 4267 ,

283 4305 388 4381 modi
413 4306 478 4384 lue
507 4306 668 4398 letilera,
691 4306 830 4399 donec,
852 4307 1030 4385 undecim
1053 4325 1270 4384 nostrorum
1297 4305 1498 4400 delunctis,
1525 4338 1566 4385 ac
1590 4311 1707 4387 totius

283 4437 370 4512 anni
388 4437 539 4529 diebus,
558 4437 697 4545 quibus
711 4439 852 4517 diutius
868 4438 973 4517 abusi
990 4466 1139 4527 sumus,
1156 4437 1195 4512 in
1208 4436 1275 4514 tali
1293 4465 1441 4515 merore
1455 4455 1567 4544 atque
1584 4440 1708 4515 anxie-

282 4583 357 4643 tate
379 4568 588 4660 decimatis,
610 4569 784 4647 festivum
809 4568 954 4677 pascale
982 4568 1253 4675 sollempnium
1281 4569 1451 4662 instaret,
1475 4598 1705 4677 omnemque

284 4698 455 4804 ejusdem
476 4700 593 4776 cladis
617 4699 807 4778 lacrimam
828 4701 875 4778 ab
895 4698 1016 4778 oculis
1035 4701 1269 4809 gementium
1293 4700 1409 4807 pietas
1426 4700 1497 4779 Dei
1517 4701 1706 4807 absterge-

282 4844 351 4905 ret.
374 4829 644 4909 Verumtamen
668 4859 746 4908 uon
768 4831 839 4908 hec
864 4832 1053 4911 dominice
1079 4831 1300 4911 invectionis
1319 4831 1466 4939 llagella
1484 4829 1704 4938 cujusquam
