4478 5842
594 421 725 546 rans
761 410 1270 561 entur-ronourur
1296 469 1395 540 me.
1422 472 1448 539 1.
1688 465 1733 538 ro

320 632 561 720 nuncupante
572 615 774 704 Sethtiaco,
784 612 1059 718 superlluvium
1067 611 1248 718 Agniona',
1263 639 1348 687 cum
1357 610 1562 715 adjacentia
1572 609 1736 689 Kelmias

257 772 261 781 ·
321 763 359 821 et
373 746 514 833 Strat03
532 762 579 832 et,
594 743 691 820 infra
706 743 923 848 Mempisco,
941 741 1219 846 Leodredingas
1234 740 1464 829 mansiones,
1480 767 1545 816 seu
1558 738 1736 828 belrinio,

320 877 559 987 superssuvio
572 875 755 970 Quantia,
774 875 861 950 sitas
880 875 1032 980 inpage
1051 856 1313 962 Taruauense,
1332 900 1419 949 cum
1431 870 1637 978 adjacentia
1652 897 1737 957 sua,

240 1077 241 1080 ,
322 1010 426 1112 quod
446 1024 501 1084 est
525 1009 565 1082 iu
586 1034 683 1111 pago
703 1005 875 1092 Pontivo,
900 1005 939 1080 in
957 1002 1040 1080 loco
1058 1020 1300 1108 nuncupante
1321 1005 1468 1092 Monte,
1491 1029 1603 1107 super
1626 1000 1739 1076 lluvio

321 1137 457 1229 Alteia,
488 1137 635 1226 solidis,
668 1137 766 1212 inter
786 1163 920 1211 aurum
944 1151 982 1210 et
1002 1151 1218 1241 argentum,
1246 1134 1352 1210 mille
1372 1133 1613 1240 quingentis:
1635 1132 1742 1238 cujus

322 1267 548 1345 venditionis
568 1283 665 1343 carta
685 1267 756 1344 sub
783 1267 921 1393 horpm
943 1265 1092 1369 apicum
1111 1281 1243 1342 tenore
1265 1282 1321 1342 est
1340 1263 1445 1339 facta.

960 1576 1114 1651 XXIX.

619 1736 728 1780 EllPTIO
751 1737 875 1780 nttsoett
896 1738 1023 1780 EPlSCOPl
1045 1741 1081 1779 DE
1102 1739 1194 1780 REBUS
1214 1740 1302 1780 turne
1320 1741 1455 1782 sentens.

384 1918 576 1996 «Domino
590 1933 701 2023 atque
718 1916 924 2021 apostolico
939 1917 1034 2021 patri
1048 1917 1305 2006 Erkembodo‚
1323 1920 1497 2025 episcopo
1511 1936 1622 2024 atquc
1644 1947 1749 2023 emp-
1788 1928 1895 1995 neus·
1909 1919 1971 1990 7²3·

318 2049 413 2137 tori,
433 2065 470 2123 et
480 2048 560 2153 ejus
573 2047 851 2155 congregationi
868 2046 1012 2124 ibidem
1028 2049 1307 2126 consistentem.
1325 2050 1404 2155 Ego
1420 2050 1645 2157 Rigobertus
1659 2077 1749 2126 ven-

224 2203 228 2209 ·
329 2178 441 2283 ditor,
471 2177 578 2254 nullo
609 2192 765 2285 cogente
794 2176 975 2282 imperio,
1005 2176 1073 2255 sed
1099 2178 1316 2283 plenissime
1345 2177 1549 2256 voluntatis
1575 2177 1746 2268 arbitrio,

325 2306 433 2385 ¹>vobis
448 2308 496 2384 ad
513 2337 607 2413 opus
623 2308 838 2385 monasterii
856 2308 967 2386 vestri
983 2309 1119 2397 Sitbiu,
1138 2309 1201 2415 qui
1218 2327 1274 2386 est
1294 2325 1527 2387 constructus
1546 2310 1586 2384 iu
1603 2310 1748 2385 honore

329 2437 445 2513 sancti
466 2438 564 2513 Petri
591 2456 628 2514 et
659 2439 774 2515 sancti
802 2437 909 2514 Pauli
938 2438 1213 2544 apostolorum,
1239 2467 1306 2516 seu
1329 2456 1368 2515 et
1386 2439 1502 2516 sancti
1532 2437 1684 2516 Martini
1715 2456 1752 2514 et

330 2568 446 2643 sancti
466 2566 672 2645 Audomari
703 2566 925 2646 confessoris
944 2556 1065 2674 'atque
1094 2566 1297 2672 pontilicis,
1328 2567 1393 2644 ubi
1418 2569 1496 2672 ipse
1523 2587 1561 2644 et
1587 2569 1752 2644 domnus

329 2697 503 2774 bertinus
523 2696 637 2774 abbas
655 2697 855 2802 requiescit
873 2697 911 2771 in
934 2723 1107 2802 corpore,
1127 2697 1280 2773 vendidi
1298 2713 1336 2773 et
1349 2697 1401 2773 ita
1419 2696 1592 2785 vendidi,
1614 2697 1751 2774 tradidi

332 2828 422 2902 etin
439 2828 602 2930 presenti
624 2826 781 2912 tradidi;
804 2826 876 2902 hoc
897 2843 953 2902 est
973 2854 1106 2903 omnes
1124 2824 1229 2902 villas
1243 2855 1345 2903 meas
1362 2844 1625 2931 nuncupantes
1644 2828 1755 2904 Seth-

202 3012 215 3039 .
331 2958 440 3047 tiaco,
457 2986 568 3060 super
580 2954 737 3065 lluvium
749 2948 934 3062 'Agniona
953 2983 1039 3030 cum
1055 2953 1272 3061 adjacmtiis
1287 2954 1364 3031 suis
1378 2953 1544 3032 Kelmias
1559 2973 1596 3031 et
1611 2955 1753 3044 Strato;

333 3105 389 3176 et,
407 3084 502 3162 infra
514 3085 737 3189 Mempisco,
757 3084 986 3191 Leodringas
995 3084 1226 3195 mansiones,
1239 3113 1305 3161 seu
1316 3084 1499 3175 belrinio,
1513 3114 1626 3191 super
1641 3088 1755 3163 lluvio

334 3216 513 3311 Quantia,
535 3216 622 3293 sitas
642 3215 790 3322 inpage
804 3215 1063 3304 Tarnanense,
1079 3245 1165 3292 cum
1178 3215 1396 3323 adjacentiis
1415 3218 1492 3294 suis
1511 3237 1698 3324 quaesunt
1715 3220 1755 3294 in

334 3348 606 3456 pagoPontivo,
623 3346 662 3420 in
672 3342 757 3422 loco
768 3323 1164 3450 nuncupanteldonte,
1179 3374 1293 3450 super
1306 3347 1421 3424 fluvio
1435 3346 1573 3424 Alteia:
1591 3348 1701 3425 idest
1716 3349 1755 3422 in

243 3552 246 3557 .
334 3477 504 3583 predicto
519 3475 614 3564 loco,
625 3492 703 3551 tam
713 3503 756 3551 ex
768 3473 879 3552 alode
887 3493 1086 3580 parentum
1097 3502 1270 3551 meorum
1284 3504 1397 3581 quam
1412 3492 1450 3551 et
1464 3477 1513 3552 de
1528 3493 1754 3581 comparato,

335 3637 401 3685 seu
423 3609 470 3686 de
489 3607 662 3714 quolibet
676 3606 828 3713 ingenio
841 3603 898 3681 vel
914 3623 1088 3696 attracto,
1106 3607 1292 3684 moderno
1310 3624 1498 3713 tempore,
1512 3635 1597 3683 mea
1613 3607 1756 3684 ibidem

335 3740 484 3815 videtur
497 3766 576 3814 esse
593 3736 777 3843 possessio
791 3736 850 3813 vel
871 3734 1093 3827 dominatio,
1111 3765 1282 3814 unacum
1298 3736 1419 3829 terris,
1436 3737 1629 3828 domibus,
1642 3738 1759 3813 aedisr-

337 3869 424 3957 ciis,
447 3867 636 3958 acolabus,
652 3866 864 3969 mancipiis,
888 3866 1049 3970 campis,
1067 3866 1183 3955 silvis,
1203 3867 1335 3973 pratis,
1355 3868 1518 3972 pascuis,
1534 3868 1757 3974 piscatoriis,

336 3997 540 4087 farinariis,
573 3997 678 4102 aquis
704 4021 928 4097 aquarumve
955 3994 1192 4080 decursibus,
1217 3994 1390 4098 peculiis,
1411 3997 1601 4100 presidiis,
1630 4025 1761 4106 greges

340 4124 675 4230 compastoribus,
698 4121 907 4199 mobilibus
925 4139 962 4198 et
981 4121 1258 4215 immobilibus,
1279 4124 1508 4230 adjacentiis,
1531 4128 1763 4232 appendiciis

339 4255 396 4333 vel
416 4253 571 4361 reliquis
591 4250 977 4360 quibuscunquelibet
999 4229 1209 4342 beneficiis,
1227 4270 1350 4357 toturn
1370 4271 1480 4361 atque
1505 4256 1552 4332 ad
1572 4256 1762 4364 integrum

262 4453 266 4459 .
342 4387 388 4464 de
405 4388 490 4493 jure
509 4414 595 4463 meo
616 4386 655 4461 in
669 4385 756 4492 jure
775 4400 813 4460 et
827 4383 1102 4473 dominatione,
1124 4383 1305 4492 legaliter,
1322 4412 1390 4490 per
1407 4383 1605 4480 festucam,
1621 4389 1761 4467 tradidi

342 4535 452 4623 atque
467 4515 645 4621 vverpivi3
658 4543 724 4594 seu
736 4514 912 4621 perhanc
927 4514 1196 4607 venditionem,
1211 4544 1230 4591 a
1247 4514 1309 4593 die
1324 4516 1502 4623 presenti,
1517 4518 1761 4596 transfirmavi

342 4647 611 4754 perpetualiter
631 4647 678 4723 ad
702 4645 986 4752 possidendum.
1009 4646 1056 4723 Et
1085 4648 1209 4752 accepi
1235 4675 1256 4723 a
1286 4647 1409 4736 vobis,
1435 4676 1505 4754 pro
1529 4648 1619 4754 ipsis
1649 4649 1763 4726 rebus

344 4779 514 4884 superius
534 4779 831 4888 comprehensis,
854 4778 901 4855 de
927 4777 1097 4856 remedio
1112 4796 1252 4868 vestro,
1275 4778 1315 4855 in
1340 4779 1467 4886 precio
1491 4796 1634 4869 taxato,
1660 4778 1764 4884 quod

1536 4927 1552 4984 7
