4388 5850
557 490 686 571 PARS
717 498 891 571 PRIMA.
908 539 959 552 -
980 497 1229 586 FOLQUINI
1254 500 1345 570 LIB.
1374 502 1422 570 Il.
1628 505 1696 573 157

285 639 368 715 loco
390 645 624 746 nuncupatol
627 700 691 717 .....
711 639 878 745 factaque
900 655 956 714 est
978 637 1072 713 inibi
1092 655 1223 716 mutua
1238 641 1467 719 Francorum
1491 642 1600 716 cedes
1614 671 1699 746 per-

285 770 454 848 maxima.
479 770 677 881 Folbertus
700 788 825 847 autem
840 768 1013 875 quidam,
1036 769 1161 846 Karoli
1178 770 1275 876 regis
1297 773 1577 879 antesignanus,
1600 773 1701 848 Rod-

285 898 433 976 bertum
458 903 497 977 in
519 900 638 1006 prelio
659 897 876 1005 exquirebat
898 899 1088 976 attentius.
1116 898 1259 975 Accidit
1278 917 1403 976 autern
1424 917 1467 977 ut
1490 921 1702 977 occurreret

287 1029 358 1123 illi,
380 1033 524 1109 detecta
537 1003 669 1123 barba,
686 1060 800 1137 quam
813 1029 995 1134 prolixam
1012 1028 1127 1106 lorica
1141 1046 1283 1105 texerat
1297 1030 1576 1137 superalligata3
1598 1061 1702 1108 mox-

287 1190 377 1267 que,
395 1161 474 1238 sine
489 1191 610 1250 mora,
633 1160 774 1236 mutuis
791 1188 830 1236 se
840 1157 1106 1235 confodientes
1122 1157 1290 1263 spiculis,
1307 1177 1406 1234 terra
1422 1179 1533 1237 tenus
1552 1163 1703 1268 utrique

258 1332 261 1337 ·
288 1292 521 1384 ceciderunt,
540 1320 690 1398 unaque
711 1319 796 1366 cum
813 1289 993 1396 sanguine
1013 1289 1185 1394 spiritum
1203 1287 1478 1365 efflaruntvitae.
1498 1290 1705 1367 Audientes

183 1401 188 1408 ’
287 1423 413 1497 autem
435 1420 695 1498 Occidentales
714 1446 842 1526 regent
862 1444 994 1493 eorum
1011 1417 1209 1505 corruisse,
1231 1417 1270 1491 in
1291 1414 1377 1524 fuga
1395 1419 1490 1494 versi
1505 1438 1609 1510 sunt,
1630 1422 1704 1497 vic-

287 1552 457 1658 toriaque
484 1552 594 1629 cessit
613 1549 752 1628 Karolo
772 1577 858 1623 cum
888 1545 1155 1624 Orientalibus.
1182 1548 1271 1622 Post
1294 1548 1595 1624 cruentissimum
1618 1581 1704 1627 vcro

288 1681 474 1785 pralium,
491 1683 621 1758 videns
640 1678 799 1757 Karolus
818 1705 857 1752 sc
879 1677 1002 1752 adhuc
1019 1676 1120 1752 inter
1140 1674 1436 1752 adversariorum
1459 1677 1586 1756 medio
1606 1683 1706 1783 posi-

229 1868 233 1873 -
287 1829 387 1901 tum,
406 1812 498 1887 'hinc
518 1810 661 1888 scilicet
679 1811 895 1918 Hugonem,
912 1807 991 1913 jam
1014 1806 1103 1882 dicu
1120 1804 1303 1883 liodberti
1323 1806 1422 1914 regis
1442 1806 1584 1898 filium,
1602 1808 1705 1885 illinc

289 1943 549 2032 Heribertum,
570 1942 739 2049 ejusdem
761 1943 984 2048 generum²;
1000 1965 1205 2043 cavensque
1226 1966 1273 2013 ne
1287 1937 1466 2014 irruerint
1486 1968 1704 2045 supereum

289 2103 375 2151 cum
396 2071 640 2149 multitudine
660 2071 844 2162 hostium,
866 2096 1035 2145 reversus
1057 2084 1113 2144 est
1133 2095 1218 2143 cum
1237 2066 1331 2153 suis,
1353 2067 1457 2143 unde
1477 2089 1644 2162 venerat,
1668 2074 1706 2146 in

291 2202 475 2279 Hlotharii
495 2229 666 2309 regnum.

925 2395 1074 2468 LXXI.

768 2578 805 2617 DE
827 2575 994 2617 tuctustortn
1016 2573 1100 2615 neuls
1122 2572 1236 2615 [AROLI.

346 2756 412 2830 His
425 2756 474 2830 ita
489 2752 655 2857 patratis,
668 2750 867 2857 praedictus
881 2748 1118 2839 Heribertus,
1135 2749 1238 2824 omni
1251 2748 1449 2826 dolositate
1461 2751 1610 2855 plenus,
1627 2774 1711 2858 post

292 2911 420 2991 regem
447 2882 626 2957 Karolum
666 2880 819 2957 nuntios
843 2880 945 2955 misit
968 2878 1090 2955 verbis
1119 2879 1283 2984 pacificis
1309 2879 1349 2955 in
1376 2880 1485 2971 dolo,
1518 2881 1645 2960 dicens
1672 2913 1711 2959 se

294 3011 524 3090 omnimodis
546 3011 714 3118 penitere
735 3010 839 3116 quod
864 3029 993 3086 contra
1009 3026 1274 3113 cumconatus
1293 3009 1426 3088 fuisset
1439 3041 1565 3119 agere3
1587 3016 1708 3103 unde,

293 3145 323 3221 si
341 3159 601 3232 reverteretur,
615 3140 787 3247 promisit
802 3140 836 3215 ei
850 3168 1009 3247 regnum
1024 3120 1254 3216 Francorum
1272 3169 1340 3244 per
1355 3143 1482 3219 omnia
1497 3143 1708 3255 subjugare.

294 3272 410 3369 Quod
422 3271 578 3348 audiens
592 3269 765 3359 Karolus,
780 3266 881 3344 lctus
894 3267 1062 3359 effectus,
1079 3296 1198 3374 usque
1214 3269 1329 3345 sancti
1341 3270 1515 3363 Quintini
1532 3291 1708 3361 castrum,

292 3403 529 3490 Vermandis,
551 3418 607 3478 est
617 3428 795 3476 reversus.
814 3397 885 3476 Cui
902 3426 1100 3475 occurrens
1117 3398 1238 3474 isdem
1253 3399 1487 3490 floribertus,
1505 3404 1712 3480 introduxit

294 3563 382 3611 eum
395 3534 435 3609 in
449 3532 613 3608 eundem
634 3549 812 3618 castrum,
833 3529 1124 3635 preparavitque
1148 3529 1180 3603 ei
1209 3528 1420 3605 convivium
1443 3532 1530 3607 satis
1552 3533 1711 3610 lautissi-

294 3692 412 3740 mum.
434 3664 543 3739 Facta
555 3679 681 3738 antem
699 3677 827 3749 nocte,
846 3688 931 3734 cum
949 3687 1082 3736 omnes
1097 3657 1185 3735 rino
1200 3658 1335 3762 sepulti
1355 3660 1609 3766 quiescerent,
1629 3694 1713 3769 prae-

295 3793 394 3897 cepit
405 3791 623 3867 Heribertus
636 3790 712 3867 suis
721 3806 780 3877 ut,
796 3787 1021 3879 halieuntes,
1036 3788 1162 3865 omnia
1175 3816 1308 3865 eorum
1320 3819 1422 3867 arma
1437 3791 1631 3884 tollerent,
1645 3823 1710 3881 ne,

296 3919 447 3996 infacto
464 3919 568 4025 quod
582 3918 702 3994 facere
721 3914 922 4023 cogitabat,
943 3917 1125 3992 haberent
1137 3919 1240 3994 unde
1256 3920 1427 3997 resistere
1439 3940 1602 4026 possent.
1618 3923 1711 4001 Orto

296 4050 411 4157 igitur
428 4047 524 4138 sole,
541 4047 727 4150 accipiens
744 4073 888 4151 regem,
905 4044 1061 4121 tradidit
1079 4045 1270 4123 custodias.
1293 4049 1432 4126 Milites
1448 4071 1590 4145 autem,
1608 4084 1710 4143 cum,

296 4177 344 4255 ad
359 4207 460 4255 arma
474 4177 749 4283 confugientes,
762 4201 839 4250 uon
857 4173 1104 4280 repperirent,
1116 4176 1164 4251 ad
1184 4179 1336 4283 propria
1353 4179 1526 4259 dolentes
1540 4185 1710 4290 repatria-

295 4324 439 4386 verunt.
459 4308 678 4385 Heribertus
693 4322 819 4383 autem
834 4305 1016 4412 accipiens
1031 4303 1229 4401 Karolum,
1248 4306 1354 4385 duxit
1368 4309 1407 4385 in
1425 4329 1585 4390 castrum
1605 4315 1707 4421 quod

297 4438 434 4516 dicitur
458 4441 601 4516 Parona
622 4438 855 4526 Scottorum3
879 4454 1032 4542 eratque
1053 4435 1107 4512 ibi
1128 4436 1199 4513 sub
1224 4439 1393 4516 custodia
1419 4441 1564 4520 clausus
1590 4474 1709 4551 usque

341 4602 348 4630 ¹
371 4601 458 4663 Deest
470 4623 576 4662 nornen
591 4601 648 4662 loci
657 4603 688 4662 in
703 4598 775 4661 cod.
1031 4598 1173 4661 Robertus
1186 4621 1257 4661 vero
1267 4600 1358 4661 aliurn
1371 4623 1490 4688 quoque
1507 4627 1648 4690 generum
1661 4610 1709 4669 ha.

339 4701 350 4735 ⁸
371 4703 540 4765 floribertus
560 4704 601 4773 11,
613 4725 711 4765 comes
723 4701 975 4771 viromandensis,
1033 4701 1098 4761 buit
1112 4700 1287 4774 flodulfum,
1304 4705 1356 4787 qui
1374 4705 1405 4765 in
1424 4707 1524 4768 locum
1542 4712 1632 4771 soceri
1657 4710 1708 4770 ds·

298 4807 414 4891 dequo
436 4808 568 4890 sequenti
583 4804 711 4890 capitulo
730 4825 825 4866 sermo
845 4803 975 4866 habetur.
1034 4801 1282 4889 functisuocessit.

1463 4911 1600 4985 18Ι
