4478 5842
308 494 381 570 506
656 491 1062 568 CHARTULARIUM
1094 482 1375 566 SITHIENSE.

559 635 654 696 Unam
665 656 738 697 cum
753 646 887 717 reputem
907 632 960 694 tibi
975 654 1034 694 non
1051 635 1120 694 satis
1134 654 1197 694 esse
1213 632 1352 701 salutem,

558 738 605 800 Me
619 738 749 799 conferre
763 749 846 819 putes
863 736 916 797 tibi
928 758 998 796 cum
1015 747 1095 818 patre
1109 735 1191 796 mille
1208 735 1326 819 salutes.

557 839 633 921 Ergo
654 839 716 901 lare
735 838 863 906 Simoni,
883 859 989 921 queso,
1005 850 1086 920 pater
1105 837 1182 897 alme
1197 836 1301 905 leoni,

556 939 610 1001 Cui
626 941 707 1023 quod
727 941 847 1023 concepi
862 940 992 1011 dudum,
1012 940 1100 1000 modo
1117 939 1243 1002 scribere
1257 940 1345 1022 coepi,

556 1044 656 1104 Laude
670 1044 740 1111 Dei,
757 1043 828 1105 lesta
843 1043 934 1103 nostri
947 1043 1035 1125 patris
1051 1042 1151 1103 inclita
1167 1054 1261 1124 gesta,

556 1146 631 1207 llore
647 1146 735 1206 velud
747 1166 850 1214 verno,
868 1146 1004 1228 perfusus
1021 1166 1120 1205 amore
1134 1158 1263 1228 paterno.

556 1248 597 1307 Ex
614 1249 724 1331 quibus
739 1249 788 1310 ille
803 1249 899 1310 bonus
913 1248 1034 1310 humilis
1047 1258 1227 1330 pateantque
1241 1258 1381 1329 patronus

555 1350 759 1433 Plurimaque
782 1353 871 1433 gessit
890 1352 964 1413 bene
979 1363 1059 1434 gesta
1078 1348 1191 1412 silendo
1207 1352 1355 1432 repressit,

327 1526 331 1533 .
429 1526 436 1535 .
468 1500 472 1507 .
508 1500 528 1507 ..
553 1452 879 1525 Dissimulansorehris
895 1454 1050 1515 virtutibus
1067 1476 1130 1514 esse
1144 1454 1282 1523 celebria,
1360 1502 1363 1507 >

552 1555 597 1626 Ne
611 1554 719 1616 dubius
737 1567 836 1623 staret,
849 1558 874 1616 si
889 1556 980 1636 siguis
996 1556 1073 1615 fama
1088 1556 1205 1616 volaret.
1455 1540 1460 1548 ’

554 1657 652 1730 Quum
667 1659 736 1740 quia
750 1642 862 1729 vitavit,
878 1642 952 1725 dum
968 1679 998 1718 se
1014 1657 1088 1718 nibil
1102 1678 1165 1718 essa
1181 1658 1308 1740 putarit,

430 1767 439 1795 ·'
553 1755 665 1842 Scripta
680 1761 771 1822 semel
790 1761 860 1831 rita,
876 1762 990 1844 scriptis
1003 1750 1122 1844 quoque
1135 1760 1181 1820 bis
1196 1760 1330 1843 repetita,

389 1911 393 1918 ,
432 1880 435 1884 ·
552 1863 654 1924 Fauda
665 1864 759 1945 magis
772 1862 844 1934 late,
863 1864 958 1925 nimia
974 1864 1078 1924 transit
1090 1862 1238 1925 brevitate.

526 2044 533 2051 ¹
551 1965 617 2053 Qne
630 1978 728 2026 tamen
743 1965 832 2026 affatu
846 1966 1014 2050 celebrique
1028 1977 1126 2027 notata
1139 1964 1247 2036 relatu,

554 2048 631 2129 Hinc
646 2079 727 2151 patre
740 2066 871 2157 sublato,
892 2068 945 2129 sed
960 2069 1067 2130 sanctis
1082 2068 1238 2137 associato,
1372 2108 1377 2116 ·

552 2158 752 2246 Quammaltis
766 2168 833 2233 va'r'e
848 2168 1041 2231 referentibus
1060 2170 1116 2230 bec
1131 2181 1259 2253 patuere.

435 2310 439 2316 ·
485 2311 489 2317 ·
552 2272 840 2358 Nos-qualicunque
852 2294 986 2337 sermone
999 2274 1158 2356 loquimur,
1179 2285 1338 2355 utrumqne
1451 2290 1454 2297 ·

436 2390 440 2399 “
487 2440 491 2446 ,
553 2376 589 2438 Et
602 2377 683 2461 quod
697 2376 800 2439 celavit
816 2387 845 2439 et
860 2376 942 2460 quod
956 2375 1040 2437 stilus
1057 2376 1215 2437 abreviavit

551 2480 590 2554 Ut
606 2479 828 2561 depromamus,
847 2478 966 2547 tandem
981 2480 1023 2538 sic
1037 2478 1222 2560 incipiamus.
1388 2551 1390 2555 ἲ

551 2580 663 2643 Nobilis
680 2581 765 2647 urbs,
783 2580 880 2663 gaude
900 2579 1006 2642 celebri
1023 2579 1205 2645 Constantia.
1220 2579 1321 2649 laude,

548 2686 636 2747 Prole
651 2682 714 2746 Deo
732 2695 829 2768 grata,
847 2683 947 2746 Phabo
963 2685 1057 2764 magis
1071 2683 1223 2751 irradiata,

552 2788 599 2870 ald
614 2787 732 2848 landem
750 2787 931 2870 Christique
948 2788 1070 2868 gignere
1087 2786 1272 2869 promeruisti

551 2890 705 2948 bertinum
722 2911 880 2970 magnum,
893 2892 978 2974 quasi
989 2891 1053 2950 sous
1072 2890 1110 2950 de
1126 2887 1250 2951 flumine
1265 2901 1419 2971 stagnum.

550 2988 638 3061 Quod
653 2992 728 3071 rigat
742 3003 770 3051 et
780 2991 917 3062 inundat,
936 3005 1031 3074 parat,
1047 3004 1076 3053 et
1088 2992 1162 3075 dape
1177 3014 1294 3074 semper
1308 2991 1468 3053 habundat.

552 3094 612 3153 Nec
626 3095 726 3152 minus
741 3093 863 3163 elatam,
884 3095 935 3156 sed
950 3107 978 3156 te
993 3098 1086 3178 magis
1102 3118 1165 3158 esse
1179 3096 1311 3166 beatam,

551 3195 756 3279 Conjubilans,
771 3196 865 3257 multa
878 3195 931 3257 tibi
945 3198 1012 3258 dico
1023 3197 1126 3268 laude;
1139 3197 1263 3282 resulta,

550 3298 653 3361 Inclita
668 3299 853 3360 Flandrensis
867 3321 952 3383 gens,
969 3312 998 3361 et
1010 3321 1092 3361 sacra
1103 3301 1184 3384 plebs
1198 3301 1371 3372 Sithiensis,

551 3399 602 3462 Est
612 3403 666 3462 tibi
679 3423 809 3487 namque
821 3403 922 3473 datus,
938 3426 997 3464 non
1009 3425 1044 3465 ex
1055 3415 1083 3466 te
1097 3405 1242 3499 sanguine
1255 3415 1350 3464 uatus.

352 3621 399 3699 Et
414 3637 535 3697 cetera
555 3647 629 3725 que
643 3633 832 3695 secuntur.
848 3617 901 3694 Ex
917 3618 1055 3725 quibus
1072 3618 1242 3698 versibus
1261 3619 1400 3726 sumpti
1421 3634 1511 3698 suut
1529 3646 1721 3725 suprame-

271 3768 274 3773 “
296 3751 431 3829 morati
449 3751 487 3826 in
504 3748 667 3854 capitulo
683 3748 828 3825 abbatis
848 3749 1035 3857 Arnulphi
1054 3750 1201 3857 primi¹.
1218 3751 1392 3857 Cumque
1402 3752 1483 3858 jam
1499 3751 1597 3828 latus
1614 3750 1721 3828 dom-

296 3911 368 3959 nus
387 3882 530 3990 Symou
545 3879 652 3957 annis
668 3880 871 3958 duodecim
886 3881 926 3956 in
946 3881 1079 3960 Gauda
1098 3882 1276 3973 stetisset,
1298 3910 1488 3989 regressus
1512 3882 1560 3958 ad
1580 3909 1722 3960 monas

252 4109 257 4117 ¹
294 4015 449 4106 terium,
465 4012 597 4091 clausit
615 4012 655 4089 in
672 4012 784 4091 bonis
803 4013 887 4091 dies*
899 4042 1003 4105 suos,
1025 4015 1121 4091 sicut
1135 4012 1232 4090 infra
1252 4013 1399 4091 dicetur
1409 4019 1434 4089 ².

299 4309 304 4315 ,
328 4243 345 4287 ··¹
370 4246 433 4306 llos·
448 4246 621 4314 versiculos,
644 4267 757 4329 parum
771 4242 809 4306 ad
828 4267 891 4306 reru
914 4265 988 4308 uos-²
1029 4243 1104 4308 libri
1117 4227 1330 4309 llchartularin
1340 4210 1469 4307 Simonis
1482 4236 1644 4329 a'quodam
1656 4248 1721 4329 ejus

295 4359 367 4406 tram
388 4347 538 4416 facientes,
552 4351 799 4432 pretermisimus.
1036 4349 1238 4413 continuatore
1252 4349 1298 4411 rel
1312 4370 1329 4409 ι
1343 4347 1461 4410 librario
1475 4348 1587 4433 adjecta
1599 4361 1678 4410 sunt

336 4447 345 4477 ¹
368 4449 505 4529 Prologus
522 4451 617 4532 hujus
626 4450 692 4510 libri
705 4451 745 4510 Ill
760 4464 787 4511 et
800 4464 888 4535 caput
902 4472 980 4514 cxvu

819 4735 1208 4768 ...η-...ΦΟΦ--Μ
1284 4728 1288 4737 ’
