4478 5842
538 467 660 540 PARS
687 469 934 543 SECUNDA.
954 511 1004 522 —
1023 466 1235 540 SIMONIS
1261 468 1354 540 LIB.
1384 468 1430 539 II.
1627 468 1700 537 229

920 771 1051 846 XVII.

361 974 514 1015 exaurata
538 975 710 1023 adsueuit,
733 973 854 1014 nomme
876 972 1008 1037 comm,
1033 972 1071 1011 DE
1092 971 1238 1013 coutrnru
1262 971 1423 1012 tanhusun
1445 971 1482 1009 DE
1504 947 1627 1011 unasub

331 1135 345 1200 ἀ
360 1135 403 1209 In
417 1134 704 1211 nominesancte
717 1150 755 1208 et
766 1132 958 1207 individue
971 1130 1177 1207 Trinitatis.
1188 1132 1266 1235 Ego
1275 1130 1480 1219 Eustacius,
1495 1129 1564 1206 Dei
1575 1129 1702 1235 gratia,

275 1261 563 1338 boloniensium
580 1290 723 1349 comes,
740 1260 896 1337 notifico
912 1277 988 1336 tam
1003 1259 1138 1335 suturis
1150 1287 1262 1364 quam
1277 1259 1514 1363 presentibus
1532 1258 1702 1364 qualiter,

275 1390 324 1466 ob
338 1391 498 1468 salutem
509 1393 631 1468 anime
645 1419 747 1480 mee,
762 1418 909 1467 necnon
925 1418 994 1495 pro
1008 1390 1131 1465 anima
1143 1390 1255 1493 patris
1271 1390 1345 1465 mei
1358 1390 1530 1476 Eustacii,
1544 1389 1702 1478 comitis,

275 1521 480 1628 matrisque
491 1551 575 1598 mee
585 1522 682 1609 Yde,
696 1521 902 1610 comitisse,
919 1537 956 1594 et
971 1518 1128 1594 fratrum
1142 1546 1316 1595 meorum
1333 1518 1546 1608 Godelridi,
1558 1520 1704 1596 Ieroso-

276 1650 435 1726 limitani
456 1651 571 1758 regis,
587 1667 698 1756 atque
714 1649 902 1739 Balduini,
915 1648 980 1754 qui
995 1649 1029 1724 ei
1045 1649 1084 1724 in
1097 1676 1213 1756 regno
1229 1650 1419 1738 successit,
1436 1667 1574 1726 terram
1590 1679 1702 1756 quam

275 1780 409 1857 beatus
436 1780 612 1858 Bertinus
634 1780 731 1856 inira
750 1780 1003 1858 ministerium
1027 1781 1074 1857 de
1099 1779 1203 1857 Merk
1227 1781 1413 1885 possidet,
1435 1779 1609 1857 videlicet
1630 1799 1717 1884 que

275 1911 322 1986 ad
337 1909 583 1987 elemosinam
603 1938 812 2016 pauperum
835 1911 1051 2015 pertinet‚a
1072 1909 1251 1986 comitatu
1267 1928 1304 1986 et
1318 1910 1537 1987 omnimoda
1549 1939 1704 1989 consue-

281 2040 437 2131 tudine,
456 2068 603 2117 necnon
628 2039 674 2115 ab
697 2041 800 2117 omni
815 2069 966 2145 prorsus
987 2039 1196 2131 exactione,
1220 2039 1377 2117 liberam
1396 2039 1563 2127 fecerim,
1579 2059 1704 2145 preter

276 2169 460 2245 decimam
482 2186 520 2245 et
533 2169 735 2258 fossatum,
758 2170 809 2246 sic
830 2188 956 2247 tamen
978 2186 1020 2245 ut
1041 2169 1088 2244 de
1112 2169 1248 2244 eodem
1271 2170 1407 2245 fossato
1430 2168 1701 2247 demonstratio

274 2299 356 2391 illa,
386 2328 460 2405 que
487 2300 600 2406 vulgo
628 2304 759 2378 bisene²
779 2318 941 2391 vocatur,
963 2297 1179 2377 nullatenus
1198 2299 1373 2407 exigatur.
1629 2274 1637 2287 .

329 2430 451 2536 Hujus
471 2447 597 2507 autem
613 2429 795 2508 libertatis
811 2433 1001 2508 concessio
1022 2429 1115 2506 lacta
1136 2447 1192 2506 est
1210 2460 1230 2506 a
1248 2459 1310 2506 me
1324 2430 1497 2505 Eustacio
1517 2431 1615 2535 apud
1632 2430 1701 2507 Ca-

272 2560 410 2665 pellam
424 2623 432 2651 ,
448 2579 533 2666 post
548 2560 712 2636 reditum
729 2546 857 2637 meum
872 2561 918 2636 ab
934 2559 1163 2638 lerosolimis
1176 2588 1275 2636 anno
1291 2559 1488 2667 vigesimo,
1511 2560 1700 2638 dominice

274 2708 397 2767 autem
422 2690 691 2766 incarnationis
713 2690 917 2767 millesimo
936 2690 1141 2766 centesimo
1163 2690 1342 2796 vigesimo
1367 2689 1551 2782 secundo,
1577 2691 1699 2767 indic-

270 2820 374 2895 tione
403 2819 547 2895 dccima
579 2819 730 2925 quinta,
759 2839 937 2927 regnante
965 2819 1154 2896 Ludovico
1181 2849 1267 2927 rege
1299 2821 1338 2895 in
1359 2821 1526 2911 Francia,
1549 2850 1696 2899 necnon

271 2949 445 3025 Danense
467 2949 605 3027 Carolo
632 2950 933 3026 marchionatum
956 2949 1239 3028 administrante
1269 2951 1309 3025 in
1335 2951 1503 3041 Fladria;
1525 2970 1697 3055 presente

270 3077 454 3168 iohanne,
472 3080 710 3156 Morinorum
726 3080 921 3186 episcopo,
939 3096 976 3155 et
996 3078 1078 3155 aliis
1097 3079 1256 3156 testibus
1268 3080 1444 3188 ydoneis,
1465 3099 1542 3157 tam
1558 3080 1700 3158 clericis

272 3235 384 3311 quam
398 3207 517 3300 laicis,
534 3238 697 3316 quonmr
711 3210 868 3288 nomina
881 3209 1012 3287 subtus
1026 3208 1214 3288 habentur
1227 3209 1412 3289 annotata.

397 3391 543 3475 «Signum
558 3392 710 3463 Eusracu,
722 3396 837 3455 comitis
851 3394 1043 3456 boloniensis.
1061 3394 1186 3476 Signum
1199 3394 1354 3463 Jonanms,
1367 3396 1547 3457 Morinorum
1560 3400 1696 3480 episcopi.

461 3495 586 3577 Signum
606 3495 771 3558 llnmsnarr
792 3509 822 3558 et
835 3499 990 3567 Waarmu,
1013 3497 1293 3558 archidiaconorum.
1316 3497 1442 3579 Signum
1462 3498 1630 3567 Lannnnrr,
1650 3501 1698 3559 abr

461 3596 536 3656 batis
554 3599 646 3656 sancti
661 3599 779 3660 Bertini.
795 3600 919 3682 Signum
935 3601 1096 3667 Bsanutm.
1111 3599 1223 3661 abbatis
1238 3601 1331 3661 sancti
1344 3599 1486 3661 Vulmari.
1502 3599 1627 3682 Signum
1640 3603 1695 3662 Ro·

461 3717 566 3766 nunrr,
583 3698 636 3758 lilii
654 3702 769 3760 comitis
786 3701 943 3764 Eustacii.=

897 3928 1054 4004 XVIII.

272 4104 420 4146 nxnttmn
442 4105 603 4154 ΜΙΒΕΒΤΙ,
626 4104 755 4147 salsedo!
777 4104 981 4158 municarius,
1006 4109 1044 4149 ΒΕ
1070 4110 1244 4153 mammona
1271 4110 1392 4153 anaante
1412 4112 1450 4152 DE
1473 4112 1610 4154 anunm
1632 4115 1692 4156 cust

866 4210 998 4255 cannata
1020 4212 1091 4255 suls.

328 4421 341 4450 ι
355 4385 398 4460 In
415 4386 571 4462 nomine
588 4387 706 4463 Patris
724 4404 762 4463 et
781 4386 866 4464 Filii
888 4405 926 4465 et
941 4389 1102 4495 Spiritus
1117 4391 1254 4469 Sancti.
1270 4392 1350 4501 Ego
1365 4392 1604 4487 Lambertus,
1620 4397 1692 4473 Dei
1778 4411 1856 4464 ¹¹¹6·

270 4513 401 4620 gratia,
419 4517 714 4594 Tomacensium
728 4517 802 4595 sive
816 4518 1123 4599 Noviomensium
1139 4522 1351 4630 episcopus,
1366 4541 1498 4602 notum
1511 4526 1594 4603 fieri
1606 4526 1690 4604 volo

313 4675 322 4706 ¹
346 4676 431 4739 ltdid.
448 4680 562 4741 Mirteus
576 4683 605 4741 in
623 4682 704 4764 Oper
715 4682 821 4767 diplom.
838 4696 908 4747 tom.
923 4684 950 4755 I,
964 4706 1029 4768 pag.
1043 4687 1093 4750 Sd.

311 4776 323 4809 ‘
338 4780 440 4843 &sene
450 4804 495 4868 ap.
507 4783 649 4846 Idimum
