4478 5842
338 498 412 572 ssa
528 454 532 461 ’
677 443 1404 579 cflanmmnruusrrmnasn.

235 723 237 726 .
338 639 493 720 eosdem
522 642 882 731 excommunicatos,
908 657 993 746 post
1012 641 1160 745 ipsum,
1179 641 1450 719 monasterium
1468 620 1610 721 intrare
1629 639 1761 718 volen-

337 788 408 859 tes,
440 787 631 878 tamquam
657 789 842 876 apostatas
866 771 979 878 jussit
1007 769 1165 847 excludi.
1196 769 1353 849 Videres
1385 772 1511 877 itaque
1546 769 1760 849 mirabilem

338 928 596 1007 congressum,
623 902 841 1006 parentibus
866 916 904 976 et
932 900 1061 976 amicis
1089 899 1325 976 exclusorum
1357 929 1425 1006 per
1454 903 1527 976 vim
1549 902 1683 1007 januas
1710 900 1761 975 ir-

337 1058 513 1134 rumpere
537 1030 765 1117 volentibus,
793 1049 844 1119 et,
870 1059 889 1105 e
912 1046 1056 1116 eontra,
1079 1028 1300 1106 hominibus
1323 1029 1467 1107 abbatis
1495 1031 1648 1107 eosdem
1673 1059 1758 1105 cum

339 1159 522 1241 dedecore
551 1159 902 1269 repellentibusfet
931 1159 1117 1268 quosdam
1143 1186 1274 1253 eorum
1301 1158 1379 1238 lere
1407 1162 1600 1268 usquead
1630 1188 1759 1237 necem

339 1287 570 1366 cedentibus.
586 1291 725 1367 Audito
743 1292 830 1381 hoc,
848 1287 1048 1396 complices
1063 1272 1490 1384 excommunicatorum,
1507 1270 1628 1398 quiin
1646 1287 1764 1365 claus-

339 1437 398 1494 tro
420 1437 541 1507 erant,
572 1449 635 1497 eos
657 1420 704 1496 ad
729 1451 768 1497 se
793 1450 861 1526 per
887 1421 986 1496 fores
1009 1420 1163 1496 ecclesie
1186 1420 1495 1509 introduxerunt,
1519 1420 1625 1527 quod
1649 1417 1764 1496 abba-

342 1565 419 1624 tem
443 1579 521 1627 non
540 1550 659 1628 latuit.
687 1551 763 1646 Qui
790 1550 920 1626 videns
947 1578 986 1626 se
1012 1549 1066 1623 nil
1092 1549 1292 1656 proficere,
1323 1551 1388 1626 sed
1419 1550 1536 1658 magis
1555 1547 1764 1627 tumultum

342 1678 440 1766 beri,
463 1660 791 1787 brriosoimpetni
817 1679 864 1755 ad
887 1695 1037 1785 tempus
1062 1678 1276 1756 cedendum
1302 1658 1455 1784 putavit.
1489 1679 1601 1784 Apud
1630 1678 1766 1755 Arclres

263 1796 265 1805 ¹
343 1811 456 1915 igitur
477 1839 545 1917 per
568 1808 712 1915 aliquot
733 1811 884 1917 tempus
904 1838 1081 1899 manens,
1109 1808 1339 1915 exspectabat
1366 1825 1404 1884 et
1423 1807 1575 1914 optabat
1601 1808 1767 1884 insensa-

342 1956 470 2016 torum
491 1940 793 2032 conversionem,
811 1941 878 2046 qui
898 1939 1105 2016 noluerunt
1121 1937 1332 2045 intelligere
1348 1955 1391 2014 ut
1403 1937 1502 2014 bene
1522 1956 1694 2046 agerent,
1713 1935 1732 2014 l
1749 1983 1767 1996 -

232 2128 236 2137 .
346 2071 485 2147 cientes
504 2071 574 2148 Dei
595 2071 754 2147 domum
776 2069 992 2175 speluncam
1013 2068 1222 2156 latronum,
1245 2066 1356 2175 longe
1378 2065 1635 2145 detestabilius
1655 2097 1766 2172 quam
1806 2120 1819 2145 .

347 2202 386 2275 in
414 2201 572 2307 Egipto;
601 2229 770 2277 seorsum
800 2200 873 2277 hiis
905 2199 971 2306 qui
996 2196 1120 2276 abbati
1150 2197 1340 2289 favebant,
1376 2217 1413 2275 et
1440 2197 1768 2275 excommunicatis

348 2358 517 2407 seorsum
548 2330 750 2406 edentibus
780 2347 817 2405 et
842 2328 1078 2420 bibentibus,
1110 2345 1165 2418 et,
1195 2346 1349 2435 propter
1373 2326 1768 2449 excommunicationis

350 2460 591 2547 sententiam,
612 2460 652 2535 in
672 2461 829 2538 horrore
846 2478 884 2536 et
905 2458 1126 2537 confusione
1147 2458 1318 2566 utrisque
1338 2457 1593 2536 communiter
1611 2455 1770 2535 existen-

350 2591 462 2668 tibus.
491 2591 744 2697 Compellitur
773 2591 927 2666 tandem
960 2589 1097 2681 abbas,
1129 2590 1404 2668 desolationem
1435 2590 1572 2667 domus
1594 2588 1666 2665 Dei
1692 2573 1769 2663 non

350 2722 553 2812 sustinens,
584 2739 621 2797 et
648 2721 851 2798 rebellium
875 2721 1168 2797 obstinationem
1195 2721 1305 2796 aliter
1328 2749 1500 2798 coercere
1526 2747 1603 2797 non
1626 2717 1768 2808 valens,

351 2851 499 2925 comitis
526 2851 745 2954 patrocinia,
760 2879 940 2955 querere,
967 2879 1061 2957 que,
1088 2852 1278 2957 proposita
1307 2851 1547 2939 conditione,
1575 2877 1701 2926 comes
1728 2847 1774 2923 li-

349 2974 485 3053 benter
507 2978 719 3081 impendit:
745 2980 903 3066 scilicet,
926 2997 969 3054 ut
992 2998 1136 3083 partem
1159 2979 1357 3086 berquarie
1378 3009 1512 3087 quam,
1537 2995 1580 3056 ut
1600 2978 1772 3084 superius

354 3107 514 3182 diximus
526 3108 549 3193 ¹,
577 3124 748 3210 tempore
778 3108 914 3184 Leonis
940 3107 1084 3185 abbatis
1110 3104 1352 3214 occupaverat
1378 3110 1417 3185 in
1437 3139 1545 3216 pace,
1572 3110 1770 3200 retineret,

354 3236 544 3342 assignatis
576 3235 729 3313 ecclesie
763 3237 802 3312 in
837 3237 1100 3313 concambium
1135 3258 1287 3314 centnm
1319 3239 1469 3331 solidis,
1505 3240 1545 3314 in
1577 3239 1773 3346 parrochia
1822 3230 1831 3257 ⁸

355 3367 469 3445 sancti
494 3366 619 3445 Jacobi
638 3367 685 3444 de
702 3369 800 3444 Nova
817 3365 970 3444 Paluda.
992 3367 1086 3443 Hinc
1106 3368 1283 3474 quitquid
1305 3368 1458 3474 dampni
1477 3370 1535 3446 vel
1556 3368 1772 3446 detrimenti

355 3496 531 3574 sustinuit
548 3497 717 3586 ecclesia,
739 3496 843 3586 illos,
865 3515 909 3574 ut
922 3497 1082 3589 videtur,
1102 3498 1253 3605 respicit
1272 3499 1310 3574 in
1331 3499 1467 3606 capite,
1490 3499 1556 3605 qui
1574 3498 1775 3576 dominum

355 3647 394 3704 et
412 3645 555 3735 patrem
577 3657 706 3720 suum,
727 3630 850 3706 virum
869 3629 1109 3736 religiosum,
1129 3616 1444 3737 impugnaverunt
1460 3631 1591 3739 gratis,
1613 3629 1794 3738 quibus,-

350 3759 453 3864 justo
479 3760 550 3836 Dei
577 3758 736 3866 juditio,
764 3760 975 3836 secundum
1001 3759 1211 3865 nequitiam
1233 3788 1391 3873 opqrum
1416 3789 1574 3838 suorum
1597 3760 1691 3838 lacta
1709 3775 1775 3839 est

357 3888 574 3980 retributio,
602 3918 670 3994 per
693 3890 769 3965 vim
795 3890 943 3966 comitis
963 3888 1191 3996 quibusdam
1212 3891 1373 3997 turpiter
1393 3891 1439 3969 de
1468 3890 1628 3970 cenobio
1651 3889 1776 3967 elimi-

360 4023 470 4114 natis,
497 4020 726 4128 quibusdam
749 4047 816 4126 per
841 4021 1064 4098 monasteria
1095 4020 1205 4097 exilio
1231 4021 1415 4129 relegatis.

414 4153 570 4242 Discite,
589 4150 761 4243 obsecro,
778 4151 996 4257 quicunque
1009 4151 1080 4227 hec
1095 4149 1232 4257 legitis,
1249 4153 1321 4228 hoc
1337 4150 1508 4257 exemplo
1522 4150 1776 4258 disciplinam

362 4299 611 4359 memorantes
623 4281 774 4387 vulgare
789 4281 1046 4387 proverbium,
1064 4281 1170 4386 quod
1184 4282 1344 4359 suaviter
1358 4311 1397 4358 se
1413 4283 1563 4391 castigat
1578 4281 1643 4390 qui
1661 4309 1780 4359 exem·

361 4409 424 4513 plo
444 4409 611 4500 alterius,
631 4427 716 4486 ante
737 4408 1032 4519 castigationem,
1054 4411 1217 4517 seipsum
1239 4412 1426 4489 emendat.

405 4572 411 4600 ¹
437 4572 501 4633 Vid.
517 4594 616 4654 supra,
637 4597 664 4655 p.
690 4577 759 4666 328.
