4478 5842
585 508 711 580 PARS
737 506 908 581 PRIMA.
924 552 975 563 —
990 508 1241 600 FOLQUlNl
1267 509 1360 581 LIB.
1386 511 1434 580 ΙΙ.
1648 507 1714 579 121

963 775 1055 850 LII.

731 958 769 997 DE
792 956 936 999 uncrlott!
957 957 1064 998 {auom
1087 957 1288 999 inremotus.

358 1133 446 1210 Post
460 1134 555 1226 haec,
571 1135 747 1225 Karolus,
762 1163 826 1210 rex
840 1135 1081 1212 occidentalis
1097 1136 1275 1222 Franciae,
1297 1162 1396 1211 anno
1407 1134 1521 1213 Verbi
1542 1132 1722 1210 incarnati
1827 1143 1888 1210 875-

302 1285 530 1354 occucurri,
550 1267 708 1342 Romam
735 1267 837 1340 venit
860 1295 945 1341 cum
967 1266 1132 1343 donariis
1152 1263 1299 1356 multis3
1324 1265 1482 1371 ipsoque
1503 1264 1564 1340 die
1591 1262 1723 1338 natalis

301 1391 457 1469 Domini
476 1394 514 1489 in
531 1394 797 1500 imperatorem
814 1395 970 1486 electus,
992 1413 1029 1472 et
1044 1426 1065 1471 a
1082 1396 1253 1472 Johanne
1272 1425 1366 1500 papa
1384 1411 1636 1483 consecratus,
1654 1393 1724 1467 lta-

303 1519 392 1599 liam
409 1525 612 1632 regendam
628 1527 801 1630 suscepit.
819 1527 906 1618 Quo
928 1527 967 1600 in
985 1526 1181 1602 Franciam
1203 1553 1369 1616 reverse,
1390 1525 1634 1615 Hludovicus,
1652 1524 1725 1600 fra-

168 1705 171 1711 ·
301 1670 361 1728 ter
374 1655 468 1760 ejus,
488 1683 551 1730 rex
567 1654 759 1732 orientalis
774 1655 949 1745 Franciae,
968 1655 1166 1732 defunctus
1182 1673 1249 1732 est.
1268 1634 1548 1733 Tuncllarolus
1564 1654 1723 1760 impera·
1830 1677 1834 1685 ·

300 1801 372 1877 tor,
390 1784 611 1893 Aquisgrani
627 1785 806 1891 palatium
823 1814 998 1894 pergens,
1018 1787 1130 1863 etiam
1149 1788 1297 1862 Renum
1312 1814 1432 1893 usque
1453 1815 1538 1862 cum
1559 1785 1723 1862 exercitu
1797 1826 1800 1830 ·

299 1916 480 2022 pervenit.
502 1917 579 1993 Sed
600 1916 847 2006 Hludovicus,
869 1896 986 2021 nepos
1002 1917 1097 2023 ejus,
1121 1915 1288 1993 collectis
1309 1916 1555 1993 orientalibus
1572 1916 1723 1993 Francis

302 2063 339 2123 et
359 2045 582 2139 saxonibus,
598 2064 732 2152 patruo
747 2047 895 2125 obviam
914 2047 1030 2136 venit,
1048 2048 1298 2152 Rhenumque
1315 2075 1400 2122 cum
1418 2046 1580 2122 exercitu
1596 2073 1724 2151 perve-

301 2176 373 2264 nit;
400 2176 632 2283 transitoque
656 2176 740 2266 illo,
766 2178 807 2254 in
831 2177 918 2254 villa
939 2176 1173 2255 Anderniaca
1191 2176 1479 2285 pugnam.iniit;
1507 2193 1544 2251 et
1564 2175 1722 2252 victores

303 2306 456 2383 extitere
471 2306 687 2401 orientales,
705 2307 1001 2388 occidentalibus
1016 2304 1162 2421 fugatis.
1178 2309 1258 2386 Hoc
1272 2323 1459 2414 patratum
1473 2322 1529 2381 est
1546 2332 1619 2384 vui.
1637 2305 1722 2380 idus

301 2438 437 2544 aprilis.

951 2641 1065 2715 Llll.

594 2821 785 2862 rulvluuolutt
809 2821 916 2863 tattom
939 2822 1132 2868 IMPERATORIS
1153 2822 1191 2861 DE
1212 2820 1435 2862 rotundorum«.

243 3106 244 3111 Ἰ
355 2998 421 3075 His
436 2999 486 3074 ita
504 2999 678 3104 peractis,
702 3018 834 3108 rogatu
852 2999 1011 3107 predicti
1025 2970 1249 3077 venerabilis
1263 2982 1409 3076 abbatis
1430 2997 1618 3087 Hilduini,
1634 3026 1722 3074 con-

300 3128 409 3204 cessit
427 3128 529 3206 idem
546 3156 611 3207 rex
627 3129 786 3206 Karolus
809 3129 856 3206 ad
877 3131 1146 3207 monasterium
1168 3128 1309 3220 Sithiu,
1334 3129 1382 3204 ad
1409 3157 1500 3206 usus
1519 3129 1725 3205 monacho-

299 3286 400 3348 rum,
418 3258 459 3337 in
477 3258 564 3336 villa
581 3259 875 3368 Turringahem,
894 3288 1067 3337 mansum
1084 3260 1413 3349 indominicatum,
1439 3287 1525 3335 cum
1546 3259 1726 3365 appendi·
1836 3242 1839 3249 ¹

297 3389 361 3464 tiis
377 3416 458 3494 quae
478 3389 517 3464 in
537 3389 653 3498 regali
667 3388 860 3499 privilegio
878 3389 1182 3481 denominantur,
1199 3389 1303 3495 quod
1319 3387 1493 3493 prelatus
1507 3389 1722 3494 imperator,

301 3517 350 3595 ob
370 3521 529 3598 eandem
545 3551 708 3613 causam,
731 3523 813 3600 fieri
831 3524 943 3632 jussit
961 3523 1001 3599 in
1020 3525 1098 3600 haec
1120 3524 1218 3601 dicta
1237 3551 1277 3601 se
1297 3522 1512 3602 habentem.

939 3797 1065 3875 niv.

931 3977 1093 4018 EXEMPLAR.

361 4135 430 4210 ‹ln
443 4137 599 4213 nomine
619 4152 753 4212 sanctae
769 4152 806 4212 et
825 4134 1027 4213 individuae
1044 4136 1247 4216 Trinitatis.
1265 4136 1439 4229 Karolus,
1462 4140 1633 4245 ejusdem
1652 4140 1721 4217 Dei
1766 4181 1798 4235 ²7
1810 4161 1869 4234 jun.
1887 4163 1950 4232 ⁸77·

304 4266 574 4373 omnipotentis
587 4265 858 4357 misericordia,
872 4266 1077 4372 imperator
1096 4286 1284 4377 augrntus.
1302 4268 1342 4346 si
1358 4267 1449 4346 locis
1465 4269 1591 4345 divino
1607 4269 1725 4347 cultui
1807 4319 1811 4329 ·

303 4397 521 4503 mancipatis
541 4397 845 4476 emolumentum
871 4397 1075 4504 imperialis
1101 4399 1336 4484 celsitudinis
1366 4396 1574 4490 exibemus,
1610 4415 1648 4478 et
1678 4401 1728 4479 ad

301 4545 516 4634 presentem
539 4530 651 4607 vitam
676 4527 819 4607 facilius
841 4528 1140 4636 transigendam,
1161 4546 1199 4608 et
1218 4530 1266 4607 ad
1280 4529 1446 4608 [uturam
1469 4529 1615 4609 felicius
1630 4531 1727 4637 opti·

188 4716 195 4737 .
302 4658 467 4736 nendam
489 4659 563 4738 hoc
583 4659 694 4739 nohis
708 4661 887 4767 prodesse
900 4658 1040 4768 absque
1056 4642 1174 4739 dubio
1189 4660 1428 4740 confidimus.
1445 4661 1597 4740 Noverit
1614 4661 1728 4768 igitur
1835 4690 1837 4694 ³

306 4790 477 4868 omnium
487 4791 661 4870 fidelium
670 4808 802 4869 sancte
817 4789 1068 4871 Deiecclesie
1083 4807 1389 4911 nostrorumque,
1403 4806 1483 4869 tam
1494 4789 1728 4901 presentium
1844 4856 1848 4866 .

1480 4912 1517 4975 16
1626 4936 1632 4945 ·
