<?xml version="1.0" encoding="UTF-8"?>
<!DOCTYPE html PUBLIC "-//W3C//DTD XHTML 1.0 Transitional//EN"
    "http://www.w3.org/TR/xhtml1/DTD/xhtml1-transitional.dtd">
<html xmlns="http://www.w3.org/1999/xhtml" xml:lang="en" lang="en">
 <head>
  <title>
</title>
<meta http-equiv="Content-Type" content="text/html;charset=utf-8" />
  <meta name='ocr-system' content='tesseract 3.04.00' />
  <meta name='ocr-capabilities' content='ocr_page ocr_carea ocr_par ocr_line ocrx_word'/>
</head>
<body>
  <div class='ocr_page' id='page_1' title='image "./cartulairedelab00frangoog_0383.png"; bbox 0 0 4478 5842; ppageno 0'>
   <div class='ocr_carea' id='block_1_1' title="bbox 535 428 1639 536">
    <p class='ocr_par' dir='ltr' id='par_1_1' title="bbox 411 428 1639 571">
     <span class='ocr_line' id='line_1_1' title="bbox 535 428 1639 536; baseline 0.013 -15.384"><span class='ocrx_word' id='word_1_1' title='bbox 535 459 607 526; x_wconf 82' lang='lat'><strong>272</strong></span> <span class='ocrx_word' id='word_1_2' title='bbox 888 455 1295 533; x_wconf 79' lang='lat' dir='ltr'><strong>cunarunnaiun</strong></span> <span class='ocrx_word' id='word_1_3' title='bbox 1322 428 1639 536; x_wconf 59' lang='lat' dir='ltr'><strong>sumansu(</strong></span> 
     </span>
    </p>
   </div>
   <div class='ocr_carea' id='block_1_2' title="bbox 462 596 1957 2792">
    <p class='ocr_par' dir='ltr' id='par_1_2' title="bbox 462 596 1957 2792">
     <span class='ocr_line' id='line_1_2' title="bbox 529 596 1953 689; baseline 0.007 -16"><span class='ocrx_word' id='word_1_4' title='bbox 529 615 613 674; x_wconf 87' lang='lat' dir='ltr'><strong>tum</strong></span> <span class='ocrx_word' id='word_1_5' title='bbox 627 596 811 677; x_wconf 83' lang='lat' dir='ltr'>Dominus</span> <span class='ocrx_word' id='word_1_6' title='bbox 834 598 882 679; x_wconf 86' lang='lat' dir='ltr'><strong>ad</strong></span> <span class='ocrx_word' id='word_1_7' title='bbox 905 597 1059 675; x_wconf 91' lang='lat' dir='ltr'><strong>laudem</strong></span> <span class='ocrx_word' id='word_1_8' title='bbox 1084 600 1141 676; x_wconf 92' lang='lat' dir='ltr'><strong>sni</strong></span> <span class='ocrx_word' id='word_1_9' title='bbox 1166 600 1348 689; x_wconf 91' lang='lat' dir='ltr'><strong>nominis,</strong></span> <span class='ocrx_word' id='word_1_10' title='bbox 1370 617 1410 676; x_wconf 90' lang='lat' dir='ltr'><strong>et·</strong></span> <span class='ocrx_word' id='word_1_11' title='bbox 1429 600 1477 676; x_wconf 91' lang='lat' dir='ltr'><strong>ad</strong></span> <span class='ocrx_word' id='word_1_12' title='bbox 1501 600 1761 685; x_wconf 73' lang='lat' dir='ltr'><strong>dilatationem</strong></span> <span class='ocrx_word' id='word_1_13' title='bbox 1779 606 1953 683; x_wconf 87' lang='lat' dir='ltr'><strong>christia·</strong></span> 
     </span>
     <span class='ocr_line' id='line_1_3' title="bbox 529 728 1950 837; baseline 0.008 -33"><span class='ocrx_word' id='word_1_14' title='bbox 529 729 656 806; x_wconf 90' lang='lat' dir='ltr'><strong>nitatis</strong></span> <span class='ocrx_word' id='word_1_15' title='bbox 671 728 808 806; x_wconf 91' lang='lat' dir='ltr'><strong>dicitur</strong></span> <span class='ocrx_word' id='word_1_16' title='bbox 822 728 1030 806; x_wconf 80' lang='lat' dir='ltr'><strong>ostendisse</strong></span> <span class='ocrx_word' id='word_1_17' title='bbox 1040 747 1099 819; x_wconf 90' lang='lat' dir='ltr'><strong>ut,</strong></span> <span class='ocrx_word' id='word_1_18' title='bbox 1111 731 1154 820; x_wconf 91' lang='lat' dir='ltr'><strong>si,</strong></span> <span class='ocrx_word' id='word_1_19' title='bbox 1170 729 1363 807; x_wconf 91' lang='lat' dir='ltr'><strong>bellorum</strong></span> <span class='ocrx_word' id='word_1_20' title='bbox 1374 729 1530 807; x_wconf 87' lang='lat' dir='ltr'><strong>Domini</strong></span> <span class='ocrx_word' id='word_1_21' title='bbox 1540 748 1711 837; x_wconf 91' lang='lat' dir='ltr'><strong>tempore</strong></span> <span class='ocrx_word' id='word_1_22' title='bbox 1724 735 1950 826; x_wconf 86' lang='lat' dir='ltr'><strong>evenissent,</strong></span> 
     </span>
     <span class='ocr_line' id='line_1_4' title="bbox 530 832 1950 945; baseline 0.006 -11"><span class='ocrx_word' id='word_1_23' title='bbox 530 859 644 938; x_wconf 93' lang='lat' dir='ltr'><strong>hodie</strong></span> <span class='ocrx_word' id='word_1_24' title='bbox 673 858 721 936; x_wconf 91' lang='lat' dir='ltr'><strong>ad</strong></span> <span class='ocrx_word' id='word_1_25' title='bbox 748 859 901 937; x_wconf 88' lang='lat' dir='ltr'><strong>laudem</strong></span> <span class='ocrx_word' id='word_1_26' title='bbox 931 860 1087 937; x_wconf 90' lang='lat' dir='ltr'><strong>Domini</strong></span> <span class='ocrx_word' id='word_1_27' title='bbox 1120 859 1275 936; x_wconf 89' lang='lat' dir='ltr'><strong>ecclesia</strong></span> <span class='ocrx_word' id='word_1_28' title='bbox 1305 888 1382 935; x_wconf 92' lang='lat' dir='ltr'><strong>non</strong></span> <span class='ocrx_word' id='word_1_29' title='bbox 1406 832 1597 939; x_wconf 82' lang='lat' dir='ltr'><strong>immerito</strong></span> <span class='ocrx_word' id='word_1_30' title='bbox 1630 865 1833 942; x_wconf 80' lang='lat' dir='ltr'><strong>recitasset</strong></span> <span class='ocrx_word' id='word_1_31' title='bbox 1858 869 1950 945; x_wconf 88' lang='lat' dir='ltr'><strong>Nam</strong></span> 
     </span>
     <span class='ocr_line' id='line_1_5' title="bbox 527 990 1953 1098; baseline 0.002 -29"><span class='ocrx_word' id='word_1_32' title='bbox 527 1011 670 1098; x_wconf 89' lang='lat' dir='ltr'><strong>captam</strong></span> <span class='ocrx_word' id='word_1_33' title='bbox 688 991 876 1070; x_wconf 87' lang='lat' dir='ltr'><strong>civitatem</strong></span> <span class='ocrx_word' id='word_1_34' title='bbox 890 1008 1055 1068; x_wconf 81' lang='lat' dir='ltr'><strong>sanctam</strong></span> <span class='ocrx_word' id='word_1_35' title='bbox 1070 990 1116 1067; x_wconf 89' lang='lat' dir='ltr'><strong>ab</strong></span> <span class='ocrx_word' id='word_1_36' title='bbox 1132 990 1311 1083; x_wconf 85' lang='lat' dir='ltr'><strong>ethnicis,</strong></span> <span class='ocrx_word' id='word_1_37' title='bbox 1334 992 1390 1068; x_wconf 91' lang='lat' dir='ltr'><strong>bis</strong></span> <span class='ocrx_word' id='word_1_38' title='bbox 1404 991 1627 1083; x_wconf 80' lang='lat' dir='ltr'><strong>interfectis,</strong></span> <span class='ocrx_word' id='word_1_39' title='bbox 1638 995 1841 1073; x_wconf 77' lang='lat' dir='ltr'><strong>Christiani</strong></span> <span class='ocrx_word' id='word_1_40' title='bbox 1856 997 1953 1074; x_wconf 91' lang='lat' dir='ltr'><strong>obti-</strong></span> 
     </span>
     <span class='ocr_line' id='line_1_6' title="bbox 528 1111 1948 1232; baseline 0.006 -35"><span class='ocrx_word' id='word_1_41' title='bbox 528 1139 711 1213; x_wconf 88' lang='lat' dir='ltr'><strong>nuerunt,</strong></span> <span class='ocrx_word' id='word_1_42' title='bbox 735 1149 835 1198; x_wconf 90' lang='lat' dir='ltr'><strong>anno</strong></span> <span class='ocrx_word' id='word_1_43' title='bbox 853 1111 1041 1197; x_wconf 89' lang='lat' dir='ltr'><strong>dominice</strong></span> <span class='ocrx_word' id='word_1_44' title='bbox 1057 1121 1323 1199; x_wconf 82' lang='lat' dir='ltr'><strong>incarnationis</strong></span> <span class='ocrx_word' id='word_1_45' title='bbox 1341 1121 1544 1200; x_wconf 91' lang='lat' dir='ltr'><strong>millesimo</strong></span> <span class='ocrx_word' id='word_1_46' title='bbox 1565 1126 1808 1232; x_wconf 86' lang='lat' dir='ltr'><strong>nonagesimo</strong></span> <span class='ocrx_word' id='word_1_47' title='bbox 1820 1155 1948 1215; x_wconf 84' lang='lat' dir='ltr'><strong>nono;</strong></span> 
     </span>
     <span class='ocr_line' id='line_1_7' title="bbox 527 1248 1952 1362; baseline 0.003 -34"><span class='ocrx_word' id='word_1_48' title='bbox 527 1271 637 1358; x_wconf 89' lang='lat' dir='ltr'><strong>atque</strong></span> <span class='ocrx_word' id='word_1_49' title='bbox 653 1254 691 1327; x_wconf 92' lang='lat' dir='ltr'><strong>in</strong></span> <span class='ocrx_word' id='word_1_50' title='bbox 708 1280 761 1337; x_wconf 91' lang='lat' dir='ltr'><strong>ea,</strong></span> <span class='ocrx_word' id='word_1_51' title='bbox 779 1280 852 1358; x_wconf 90' lang='lat' dir='ltr'><strong>que</strong></span> <span class='ocrx_word' id='word_1_52' title='bbox 865 1251 1085 1356; x_wconf 83' lang='lat' dir='ltr'><strong>metropolis</strong></span> <span class='ocrx_word' id='word_1_53' title='bbox 1100 1251 1172 1328; x_wconf 85' lang='lat' dir='ltr'><strong>fnit</strong></span> <span class='ocrx_word' id='word_1_54' title='bbox 1185 1253 1409 1343; x_wconf 76' lang='lat' dir='ltr'><strong>iudeorum,</strong></span> <span class='ocrx_word' id='word_1_55' title='bbox 1427 1271 1511 1358; x_wconf 91' lang='lat' dir='ltr'><strong>post</strong></span> <span class='ocrx_word' id='word_1_56' title='bbox 1526 1248 1655 1362; x_wconf 83' lang='lat' dir='ltr'><strong>regem</strong></span> <span class='ocrx_word' id='word_1_57' title='bbox 1670 1282 1820 1362; x_wconf 86' lang='lat' dir='ltr'><strong>regum,</strong></span> <span class='ocrx_word' id='word_1_58' title='bbox 1830 1257 1952 1334; x_wconf 88' lang='lat' dir='ltr'><strong>Chris-</strong></span> 
     </span>
     <span class='ocr_line' id='line_1_8' title="bbox 462 1380 1952 1495; baseline 0.002 -37"><span class='ocrx_word' id='word_1_59' title='bbox 462 1435 465 1439; x_wconf 95' lang='grc'><strong>-</strong></span> <span class='ocrx_word' id='word_1_60' title='bbox 527 1382 618 1458; x_wconf 88' lang='lat' dir='ltr'><strong>tiani</strong></span> <span class='ocrx_word' id='word_1_61' title='bbox 643 1382 923 1481; x_wconf 78' lang='lat' dir='ltr'><strong>constituerunt</strong></span> <span class='ocrx_word' id='word_1_62' title='bbox 945 1410 1074 1487; x_wconf 88' lang='lat' dir='ltr'><strong>regem</strong></span> <span class='ocrx_word' id='word_1_63' title='bbox 1094 1380 1395 1459; x_wconf 87' lang='lat' dir='ltr'><strong>Christianorum</strong></span> <span class='ocrx_word' id='word_1_64' title='bbox 1418 1381 1688 1495; x_wconf 83' lang='lat' dir='ltr'><strong>Godelridum,</strong></span> <span class='ocrx_word' id='word_1_65' title='bbox 1712 1385 1952 1495; x_wconf 86' lang='lat' dir='ltr'><strong>Lotharingie</strong></span> 
     </span>
     <span class='ocr_line' id='line_1_9' title="bbox 528 1513 1948 1619; baseline 0.004 -29"><span class='ocrx_word' id='word_1_66' title='bbox 528 1514 663 1590; x_wconf 91' lang='lat' dir='ltr'><strong>ducem</strong></span> <span class='ocrx_word' id='word_1_67' title='bbox 680 1513 882 1619; x_wconf 84' lang='lat' dir='ltr'><strong>egregium.</strong></span> <span class='ocrx_word' id='word_1_68' title='bbox 905 1513 992 1604; x_wconf 90' lang='lat' dir='ltr'><strong>Quo</strong></span> <span class='ocrx_word' id='word_1_69' title='bbox 1015 1513 1211 1619; x_wconf 83' lang='lat' dir='ltr'><strong>magnifiee</strong></span> <span class='ocrx_word' id='word_1_70' title='bbox 1235 1529 1433 1619; x_wconf 82' lang='lat' dir='ltr'><strong>regnante,</strong></span> <span class='ocrx_word' id='word_1_71' title='bbox 1458 1514 1550 1589; x_wconf 92' lang='lat' dir='ltr'><strong>dum</strong></span> <span class='ocrx_word' id='word_1_72' title='bbox 1576 1515 1752 1593; x_wconf 90' lang='lat' dir='ltr'><strong>nonnulli</strong></span> <span class='ocrx_word' id='word_1_73' title='bbox 1776 1516 1862 1595; x_wconf 62' lang='lat' dir='ltr'><strong>noia</strong></span> <span class='ocrx_word' id='word_1_74' title='bbox 1874 1544 1948 1595; x_wconf 85' lang='lat' dir='ltr'><strong>am·</strong></span> 
     </span>
     <span class='ocr_line' id='line_1_10' title="bbox 524 1638 1957 1767; baseline 0.003 -48"><span class='ocrx_word' id='word_1_75' title='bbox 524 1642 624 1749; x_wconf 89' lang='lat' dir='ltr'><strong>plius</strong></span> <span class='ocrx_word' id='word_1_76' title='bbox 640 1642 688 1718; x_wconf 92' lang='lat' dir='ltr'><strong>ad</strong></span> <span class='ocrx_word' id='word_1_77' title='bbox 708 1641 824 1718; x_wconf 91' lang='lat' dir='ltr'><strong>seculi</strong></span> <span class='ocrx_word' id='word_1_78' title='bbox 844 1638 1059 1734; x_wconf 89' lang='lat' dir='ltr'><strong>illecebras,</strong></span> <span class='ocrx_word' id='word_1_79' title='bbox 1077 1659 1161 1767; x_wconf 47' lang='lat' dir='ltr'><strong>polet</strong></span> <span class='ocrx_word' id='word_1_80' title='bbox 1178 1658 1280 1718; x_wconf 90' lang='lat' dir='ltr'><strong>tanta</strong></span> <span class='ocrx_word' id='word_1_81' title='bbox 1297 1640 1550 1748; x_wconf 83' lang='lat' dir='ltr'><strong>periculaque</strong></span> <span class='ocrx_word' id='word_1_82' title='bbox 1563 1670 1633 1748; x_wconf 82' lang='lat' dir='ltr'><strong>pro</strong></span> <span class='ocrx_word' id='word_1_83' title='bbox 1656 1643 1740 1722; x_wconf 91' lang='lat' dir='ltr'><strong>Deo</strong></span> <span class='ocrx_word' id='word_1_84' title='bbox 1764 1646 1859 1724; x_wconf 74' lang='lat' dir='ltr'><strong>sunt</strong></span> <span class='ocrx_word' id='word_1_85' title='bbox 1867 1660 1957 1755; x_wconf 88' lang='lat' dir='ltr'><strong>&#39;per-</strong></span> 
     </span>
     <span class='ocr_line' id='line_1_11' title="bbox 525 1770 1954 1881; baseline 0.002 -31"><span class='ocrx_word' id='word_1_86' title='bbox 525 1773 640 1878; x_wconf 89' lang='lat' dir='ltr'><strong>pessi,</strong></span> <span class='ocrx_word' id='word_1_87' title='bbox 655 1771 925 1850; x_wconf 86' lang='lat' dir='ltr'><strong>deliberassent</strong></span> <span class='ocrx_word' id='word_1_88' title='bbox 942 1770 1083 1860; x_wconf 88' lang='lat' dir='ltr'><strong>redire,</strong></span> <span class='ocrx_word' id='word_1_89' title='bbox 1098 1770 1257 1850; x_wconf 90' lang='lat' dir='ltr'><strong>consilio</strong></span> <span class='ocrx_word' id='word_1_90' title='bbox 1266 1771 1504 1878; x_wconf 89' lang='lat' dir='ltr'><strong>principum,</strong></span> <span class='ocrx_word' id='word_1_91' title='bbox 1522 1773 1704 1851; x_wconf 86' lang='lat' dir='ltr'><strong>exercitus</strong></span> <span class='ocrx_word' id='word_1_92' title='bbox 1720 1776 1867 1881; x_wconf 75' lang='lat' dir='ltr'><strong>templo</strong></span> <span class='ocrx_word' id='word_1_93' title='bbox 1883 1777 1954 1853; x_wconf 91' lang='lat' dir='ltr'><strong>Dei</strong></span> 
     </span>
     <span class='ocr_line' id='line_1_12' title="bbox 524 1884 1956 2014; baseline 0.003 -36"><span class='ocrx_word' id='word_1_94' title='bbox 524 1931 563 1979; x_wconf 90' lang='lat' dir='ltr'><strong>se</strong></span> <span class='ocrx_word' id='word_1_95' title='bbox 589 1902 659 1979; x_wconf 90' lang='lat' dir='ltr'><strong>sub</strong></span> <span class='ocrx_word' id='word_1_96' title='bbox 681 1905 749 1980; x_wconf 91' lang='lat' dir='ltr'><strong>hac</strong></span> <span class='ocrx_word' id='word_1_97' title='bbox 768 1901 897 2010; x_wconf 81' lang='lat' dir='ltr'><strong>regula</strong></span> <span class='ocrx_word' id='word_1_98' title='bbox 921 1902 1167 1992; x_wconf 90' lang='lat' dir='ltr'><strong>devoverunt,</strong></span> <span class='ocrx_word' id='word_1_99' title='bbox 1191 1919 1251 1993; x_wconf 91' lang='lat' dir='ltr'><strong>ut,</strong></span> <span class='ocrx_word' id='word_1_100' title='bbox 1278 1900 1406 1979; x_wconf 90' lang='lat' dir='ltr'><strong>seculo</strong></span> <span class='ocrx_word' id='word_1_101' title='bbox 1427 1884 1772 1995; x_wconf 59' lang='lat' dir='ltr'><strong>abrenunciantes,</strong></span> <span class='ocrx_word' id='word_1_102' title='bbox 1783 1890 1956 2014; x_wconf 90' lang='lat' dir='ltr'><strong>proprie-</strong></span> 
     </span>
     <span class='ocr_line' id='line_1_13' title="bbox 525 2028 1954 2140; baseline 0.001 -30"><span class='ocrx_word' id='word_1_103' title='bbox 525 2050 598 2110; x_wconf 86' lang='lat' dir='ltr'><strong>tate</strong></span> <span class='ocrx_word' id='word_1_104' title='bbox 611 2050 794 2125; x_wconf 88' lang='lat' dir='ltr'><strong>carentes,</strong></span> <span class='ocrx_word' id='word_1_105' title='bbox 809 2032 1027 2110; x_wconf 86' lang='lat' dir='ltr'><strong>castimonie</strong></span> <span class='ocrx_word' id='word_1_106' title='bbox 1042 2048 1227 2124; x_wconf 88' lang='lat' dir='ltr'><strong>vacantes,</strong></span> <span class='ocrx_word' id='word_1_107' title='bbox 1246 2058 1490 2109; x_wconf 90' lang='lat' dir='ltr'><strong>communem</strong></span> <span class='ocrx_word' id='word_1_108' title='bbox 1503 2031 1573 2110; x_wconf 91' lang='lat' dir='ltr'><strong>sub</strong></span> <span class='ocrx_word' id='word_1_109' title='bbox 1588 2028 1809 2140; x_wconf 86' lang='lat' dir='ltr'><strong>paupertate</strong></span> <span class='ocrx_word' id='word_1_110' title='bbox 1822 2034 1954 2114; x_wconf 92' lang='lat' dir='ltr'><strong>habitu</strong></span> 
     </span>
     <span class='ocr_line' id='line_1_14' title="bbox 526 2160 1956 2272; baseline 0.001 -33"><span class='ocrx_word' id='word_1_111' title='bbox 526 2163 708 2241; x_wconf 89' lang='lat' dir='ltr'><strong>ducerent</strong></span> <span class='ocrx_word' id='word_1_112' title='bbox 730 2165 861 2252; x_wconf 87' lang='lat' dir='ltr'><strong>vitam;</strong></span> <span class='ocrx_word' id='word_1_113' title='bbox 880 2160 993 2240; x_wconf 79' lang='lat' dir='ltr'><strong>armis</strong></span> <span class='ocrx_word' id='word_1_114' title='bbox 1013 2180 1162 2241; x_wconf 86' lang='lat' dir='ltr'><strong>tantum</strong></span> <span class='ocrx_word' id='word_1_115' title='bbox 1179 2180 1308 2239; x_wconf 86' lang='lat' dir='ltr'><strong>contra</strong></span> <span class='ocrx_word' id='word_1_116' title='bbox 1332 2160 1607 2272; x_wconf 84' lang='lat' dir='ltr'><strong>insurgentium</strong></span> <span class='ocrx_word' id='word_1_117' title='bbox 1626 2192 1858 2272; x_wconf 86' lang='lat' dir='ltr'><strong>paganorum</strong></span> <span class='ocrx_word' id='word_1_118' title='bbox 1883 2168 1956 2241; x_wconf 90' lang='lat' dir='ltr'><strong>im·</strong></span> 
     </span>
     <span class='ocr_line' id='line_1_15' title="bbox 525 2283 1955 2405; baseline 0.001 -34"><span class='ocrx_word' id='word_1_119' title='bbox 525 2310 652 2399; x_wconf 91' lang='lat' dir='ltr'><strong>petus,</strong></span> <span class='ocrx_word' id='word_1_120' title='bbox 668 2283 871 2371; x_wconf 64' lang='lat' dir='ltr'><strong>ad&#39;terram</strong></span> <span class='ocrx_word' id='word_1_121' title='bbox 888 2292 1191 2384; x_wconf 82' lang='lat' dir='ltr'><strong>defendendam,</strong></span> <span class='ocrx_word' id='word_1_122' title='bbox 1213 2309 1423 2386; x_wconf 90' lang='lat' dir='ltr'><strong>uterentur,</strong></span> <span class='ocrx_word' id='word_1_123' title='bbox 1447 2294 1599 2400; x_wconf 90' lang='lat' dir='ltr'><strong>quando</strong></span> <span class='ocrx_word' id='word_1_124' title='bbox 1617 2295 1816 2372; x_wconf 89' lang='lat' dir='ltr'><strong>necessitas</strong></span> <span class='ocrx_word' id='word_1_125' title='bbox 1833 2296 1955 2405; x_wconf 81' lang='lat' dir='ltr'><strong>exige-</strong></span> 
     </span>
     <span class='ocr_line' id='line_1_16' title="bbox 524 2424 1954 2534; baseline 0 -32"><span class='ocrx_word' id='word_1_126' title='bbox 524 2443 593 2503; x_wconf 90' lang='lat' dir='ltr'><strong>ret.</strong></span> <span class='ocrx_word' id='word_1_127' title='bbox 609 2425 784 2519; x_wconf 89' lang='lat' dir='ltr'><strong>Quorum</strong></span> <span class='ocrx_word' id='word_1_128' title='bbox 809 2425 939 2534; x_wconf 82' lang='lat' dir='ltr'><strong>regula</strong></span> <span class='ocrx_word' id='word_1_129' title='bbox 958 2453 1075 2530; x_wconf 88' lang='lat' dir='ltr'><strong>penes</strong></span> <span class='ocrx_word' id='word_1_130' title='bbox 1095 2452 1160 2502; x_wconf 90' lang='lat' dir='ltr'><strong>eos</strong></span> <span class='ocrx_word' id='word_1_131' title='bbox 1180 2442 1269 2501; x_wconf 89' lang='lat' dir='ltr'><strong>nota</strong></span> <span class='ocrx_word' id='word_1_132' title='bbox 1285 2424 1457 2502; x_wconf 89' lang='lat' dir='ltr'><strong>habetur.</strong></span> <span class='ocrx_word' id='word_1_133' title='bbox 1479 2425 1559 2502; x_wconf 91' lang='lat' dir='ltr'><strong>Hoc</strong></span> <span class='ocrx_word' id='word_1_134' title='bbox 1575 2424 1623 2503; x_wconf 93' lang='lat' dir='ltr'><strong>de</strong></span> <span class='ocrx_word' id='word_1_135' title='bbox 1636 2425 1700 2502; x_wconf 87' lang='lat' dir='ltr'><strong>illa</strong></span> <span class='ocrx_word' id='word_1_136' title='bbox 1716 2426 1954 2531; x_wconf 84' lang='lat' dir='ltr'><strong>expeditione</strong></span> 
     </span>
     <span class='ocr_line' id='line_1_17' title="bbox 524 2553 1954 2666; baseline -0.001 -32"><span class='ocrx_word' id='word_1_137' title='bbox 524 2560 580 2634; x_wconf 83' lang='lat' dir='ltr'><strong>sat</strong></span> <span class='ocrx_word' id='word_1_138' title='bbox 601 2559 648 2635; x_wconf 88' lang='lat' dir='ltr'><strong>sit</strong></span> <span class='ocrx_word' id='word_1_139' title='bbox 665 2557 848 2666; x_wconf 78' lang='lat' dir='ltr'><strong>tetigisse,</strong></span> <span class='ocrx_word' id='word_1_140' title='bbox 872 2557 962 2664; x_wconf 88' lang='lat' dir='ltr'><strong>quia</strong></span> <span class='ocrx_word' id='word_1_141' title='bbox 981 2557 1066 2634; x_wconf 92' lang='lat' dir='ltr'><strong>novi</strong></span> <span class='ocrx_word' id='word_1_142' title='bbox 1087 2553 1332 2663; x_wconf 89' lang='lat' dir='ltr'><strong>quamplures</strong></span> <span class='ocrx_word' id='word_1_143' title='bbox 1351 2553 1540 2632; x_wconf 92' lang='lat' dir='ltr'><strong>volumina</strong></span> <span class='ocrx_word' id='word_1_144' title='bbox 1566 2554 1655 2633; x_wconf 93' lang='lat' dir='ltr'><strong>inde</strong></span> <span class='ocrx_word' id='word_1_145' title='bbox 1674 2554 1843 2633; x_wconf 76' lang='lat' dir='ltr'><strong>conlecta</strong></span> <span class='ocrx_word' id='word_1_146' title='bbox 1862 2583 1954 2633; x_wconf 94' lang='lat' dir='ltr'><strong>con-</strong></span> 
     </span>
     <span class='ocr_line' id='line_1_18' title="bbox 526 2688 725 2792; baseline -0.005 -28"><span class='ocrx_word' id='word_1_147' title='bbox 526 2688 725 2792; x_wconf 89' lang='lat' dir='ltr'><strong>scripsisse.</strong></span> 
     </span>
    </p>
   </div>
   <div class='ocr_carea' id='block_1_3' title="bbox 1136 2890 1413 2979">
    <p class='ocr_par' dir='ltr' id='par_1_3' title="bbox 1136 2890 1413 2979">
     <span class='ocr_line' id='line_1_19' title="bbox 1136 2890 1413 2979; baseline 0.004 -4"><span class='ocrx_word' id='word_1_148' title='bbox 1136 2903 1330 2979; x_wconf 87' lang='lat' dir='ltr'><strong>LXVIII.</strong></span> <span class='ocrx_word' id='word_1_149' title='bbox 1407 2890 1413 2900; x_wconf 76' lang='grc'>’</span> 
     </span>
    </p>
   </div>
   <div class='ocr_carea' id='block_1_4' title="bbox 636 3099 1844 3147">
    <p class='ocr_par' dir='ltr' id='par_1_4' title="bbox 636 3099 1844 3147">
     <span class='ocr_line' id='line_1_20' title="bbox 636 3099 1844 3147; baseline 0 -3"><span class='ocrx_word' id='word_1_150' title='bbox 636 3105 672 3144; x_wconf 80' lang='lat' dir='ltr'><strong>DE</strong></span> <span class='ocrx_word' id='word_1_151' title='bbox 698 3100 934 3144; x_wconf 74' lang='lat' dir='ltr'><strong>aaraobuorlonn</strong></span> <span class='ocrx_word' id='word_1_152' title='bbox 957 3100 1076 3144; x_wconf 70' lang='lat' dir='ltr'>ORDINIS</span> <span class='ocrx_word' id='word_1_153' title='bbox 1095 3101 1131 3142; x_wconf 75' lang='lat' dir='ltr'><strong>EX</strong></span> <span class='ocrx_word' id='word_1_154' title='bbox 1155 3100 1211 3143; x_wconf 78' lang='lat' dir='ltr'><strong>noc</strong></span> <span class='ocrx_word' id='word_1_155' title='bbox 1232 3099 1356 3143; x_wconf 69' lang='lat' dir='ltr'><strong>CRNOBlO</strong></span> <span class='ocrx_word' id='word_1_156' title='bbox 1375 3102 1476 3144; x_wconf 75' lang='lat' dir='ltr'><strong>sirum</strong></span> <span class='ocrx_word' id='word_1_157' title='bbox 1499 3103 1528 3144; x_wconf 79' lang='lat' dir='ltr'><strong>nt</strong></span> <span class='ocrx_word' id='word_1_158' title='bbox 1550 3102 1665 3147; x_wconf 77' lang='lat' dir='ltr'><strong>vlclttas</strong></span> <span class='ocrx_word' id='word_1_159' title='bbox 1684 3103 1844 3147; x_wconf 63' lang='lat' dir='ltr'><strong>memus.</strong></span> 
     </span>
    </p>
   </div>
   <div class='ocr_carea' id='block_1_5' title="bbox 428 3294 2049 4322">
    <p class='ocr_par' dir='ltr' id='par_1_5' title="bbox 428 3294 2049 4322">
     <span class='ocr_line' id='line_1_21' title="bbox 511 3294 1952 3406; baseline 0 -30"><span class='ocrx_word' id='word_1_160' title='bbox 511 3363 513 3366; x_wconf 54' lang='grc'>,</span> <span class='ocrx_word' id='word_1_161' title='bbox 579 3299 637 3376; x_wconf 92' lang='lat' dir='ltr'><strong>De</strong></span> <span class='ocrx_word' id='word_1_162' title='bbox 665 3296 894 3375; x_wconf 90' lang='lat' dir='ltr'><strong>lerosolimis</strong></span> <span class='ocrx_word' id='word_1_163' title='bbox 918 3296 1035 3405; x_wconf 86' lang='lat' dir='ltr'><strong>igitur</strong></span> <span class='ocrx_word' id='word_1_164' title='bbox 1062 3294 1265 3373; x_wconf 89' lang='lat' dir='ltr'><strong>scribendo</strong></span> <span class='ocrx_word' id='word_1_165' title='bbox 1292 3295 1510 3372; x_wconf 84' lang='lat' dir='ltr'><strong>Flandriam</strong></span> <span class='ocrx_word' id='word_1_166' title='bbox 1538 3297 1760 3392; x_wconf 90' lang='lat' dir='ltr'><strong>redeuntes,</strong></span> <span class='ocrx_word' id='word_1_167' title='bbox 1790 3299 1952 3406; x_wconf 82' lang='lat' dir='ltr'><strong>qualiter</strong></span> 
     </span>
     <span class='ocr_line' id='line_1_22' title="bbox 525 3425 1950 3535; baseline 0.001 -27"><span class='ocrx_word' id='word_1_168' title='bbox 525 3448 647 3508; x_wconf 89' lang='lat' dir='ltr'><strong>cetere</strong></span> <span class='ocrx_word' id='word_1_169' title='bbox 663 3427 969 3535; x_wconf 84' lang='lat' dir='ltr'><strong>circumjacentes</strong></span> <span class='ocrx_word' id='word_1_170' title='bbox 984 3425 1139 3505; x_wconf 88' lang='lat' dir='ltr'><strong>ecclesie</strong></span> <span class='ocrx_word' id='word_1_171' title='bbox 1159 3426 1208 3502; x_wconf 94' lang='lat' dir='ltr'><strong>ad</strong></span> <span class='ocrx_word' id='word_1_172' title='bbox 1228 3427 1501 3530; x_wconf 82' lang='lat' dir='ltr'><strong>correctionem</strong></span> <span class='ocrx_word' id='word_1_173' title='bbox 1521 3425 1715 3535; x_wconf 86' lang='lat' dir='ltr'><strong>religionis</strong></span> <span class='ocrx_word' id='word_1_174' title='bbox 1733 3430 1809 3508; x_wconf 89' lang='lat' dir='ltr'><strong>sint</strong></span> <span class='ocrx_word' id='word_1_175' title='bbox 1826 3449 1950 3510; x_wconf 86' lang='lat' dir='ltr'><strong>coacte</strong></span> 
     </span>
     <span class='ocr_line' id='line_1_23' title="bbox 523 3557 1949 3669; baseline 0.004 -30"><span class='ocrx_word' id='word_1_176' title='bbox 523 3560 741 3641; x_wconf 88' lang='lat' dir='ltr'><strong>succinctim</strong></span> <span class='ocrx_word' id='word_1_177' title='bbox 768 3587 1121 3638; x_wconf 89' lang='lat' dir='ltr'><strong>commemoremus.</strong></span> <span class='ocrx_word' id='word_1_178' title='bbox 1150 3557 1253 3653; x_wconf 84' lang='lat' dir='ltr'><strong>Quo,</strong></span> <span class='ocrx_word' id='word_1_179' title='bbox 1280 3587 1366 3636; x_wconf 91' lang='lat' dir='ltr'><strong>cum</strong></span> <span class='ocrx_word' id='word_1_180' title='bbox 1392 3586 1478 3669; x_wconf 85' lang='lat' dir='ltr'><strong>erga</strong></span> <span class='ocrx_word' id='word_1_181' title='bbox 1506 3557 1702 3662; x_wconf 82' lang='lat' dir='ltr'><strong>ecclesiam</strong></span> <span class='ocrx_word' id='word_1_182' title='bbox 1721 3560 1949 3645; x_wconf 86' lang='lat' dir='ltr'><strong>Sithiensem</strong></span> 
     </span>
     <span class='ocr_line' id='line_1_24' title="bbox 522 3688 1951 3799; baseline -0.003 -28"><span class='ocrx_word' id='word_1_183' title='bbox 522 3693 669 3771; x_wconf 83' lang='lat' dir='ltr'><strong>mixtim</strong></span> <span class='ocrx_word' id='word_1_184' title='bbox 698 3710 736 3769; x_wconf 90' lang='lat' dir='ltr'><strong>et</strong></span> <span class='ocrx_word' id='word_1_185' title='bbox 758 3690 875 3770; x_wconf 91' lang='lat' dir='ltr'><strong>livore</strong></span> <span class='ocrx_word' id='word_1_186' title='bbox 905 3707 943 3768; x_wconf 91' lang='lat' dir='ltr'><strong>et</strong></span> <span class='ocrx_word' id='word_1_187' title='bbox 966 3691 1105 3786; x_wconf 88' lang='lat' dir='ltr'><strong>timore</strong></span> <span class='ocrx_word' id='word_1_188' title='bbox 1134 3688 1381 3780; x_wconf 86' lang='lat' dir='ltr'><strong>variarentur,</strong></span> <span class='ocrx_word' id='word_1_189' title='bbox 1411 3715 1514 3767; x_wconf 91' lang='lat' dir='ltr'><strong>nunc</strong></span> <span class='ocrx_word' id='word_1_190' title='bbox 1546 3688 1756 3769; x_wconf 89' lang='lat' dir='ltr'><strong>invidentes</strong></span> <span class='ocrx_word' id='word_1_191' title='bbox 1779 3690 1951 3799; x_wconf 89' lang='lat' dir='ltr'><strong>ejusdem</strong></span> 
     </span>
     <span class='ocr_line' id='line_1_25' title="bbox 521 3819 2049 3930; baseline 0 -30"><span class='ocrx_word' id='word_1_192' title='bbox 521 3820 776 3930; x_wconf 84' lang='lat' dir='ltr'><strong>provectibus,</strong></span> <span class='ocrx_word' id='word_1_193' title='bbox 799 3849 899 3910; x_wconf 86' lang='lat' dir='ltr'><strong>nunc</strong></span> <span class='ocrx_word' id='word_1_194' title='bbox 918 3848 1007 3901; x_wconf 92' lang='lat' dir='ltr'><strong>vero</strong></span> <span class='ocrx_word' id='word_1_195' title='bbox 1023 3821 1202 3898; x_wconf 87' lang='lat' dir='ltr'><strong>timentes</strong></span> <span class='ocrx_word' id='word_1_196' title='bbox 1224 3847 1271 3901; x_wconf 90' lang='lat' dir='ltr'><strong>ne</strong></span> <span class='ocrx_word' id='word_1_197' title='bbox 1300 3819 1416 3898; x_wconf 89' lang='lat' dir='ltr'><strong>coacti</strong></span> <span class='ocrx_word' id='word_1_198' title='bbox 1441 3819 1722 3899; x_wconf 90' lang='lat' dir='ltr'><strong>involverentur</strong></span> <span class='ocrx_word' id='word_1_199' title='bbox 1740 3819 1948 3914; x_wconf 90' lang='lat' dir='ltr'><strong>similibus,</strong></span> <span class='ocrx_word' id='word_1_200' title='bbox 2045 3896 2049 3908; x_wconf 90' lang='grc'><em>,</em></span> 
     </span>
     <span class='ocr_line' id='line_1_26' title="bbox 522 3949 1948 4063; baseline -0.001 -32"><span class='ocrx_word' id='word_1_201' title='bbox 522 3953 704 4063; x_wconf 84' lang='lat' dir='ltr'><strong>sapientia</strong></span> <span class='ocrx_word' id='word_1_202' title='bbox 722 3949 793 4030; x_wconf 90' lang='lat' dir='ltr'><strong>Dei</strong></span> <span class='ocrx_word' id='word_1_203' title='bbox 815 3952 863 4031; x_wconf 89' lang='lat' dir='ltr'><strong>de</strong></span> <span class='ocrx_word' id='word_1_204' title='bbox 887 3952 1120 4031; x_wconf 87' lang='lat' dir='ltr'><strong>correctione</strong></span> <span class='ocrx_word' id='word_1_205' title='bbox 1141 3978 1270 4029; x_wconf 88' lang='lat' dir='ltr'><strong>earum</strong></span> <span class='ocrx_word' id='word_1_206' title='bbox 1290 3978 1495 4060; x_wconf 86' lang='lat' dir='ltr'><strong>congruam</strong></span> <span class='ocrx_word' id='word_1_207' title='bbox 1517 3951 1709 4029; x_wconf 90' lang='lat' dir='ltr'><strong>adinvenit</strong></span> <span class='ocrx_word' id='word_1_208' title='bbox 1727 3952 1948 4058; x_wconf 86' lang='lat' dir='ltr'><strong>opportuni·</strong></span> 
     </span>
     <span class='ocr_line' id='line_1_27' title="bbox 428 4077 1949 4173; baseline -0.002 -12"><span class='ocrx_word' id='word_1_209' title='bbox 428 4083 430 4087; x_wconf 63' lang='grc'>’</span> <span class='ocrx_word' id='word_1_210' title='bbox 521 4099 656 4173; x_wconf 83' lang='lat' dir='ltr'><strong>tatem,</strong></span> <span class='ocrx_word' id='word_1_211' title='bbox 682 4081 862 4160; x_wconf 87' lang='lat' dir='ltr'><strong>abbatum</strong></span> <span class='ocrx_word' id='word_1_212' title='bbox 886 4079 1027 4161; x_wconf 91' lang='lat' dir='ltr'><strong>scilicet</strong></span> <span class='ocrx_word' id='word_1_213' title='bbox 1047 4081 1188 4169; x_wconf 88' lang='lat' dir='ltr'><strong>deboc</strong></span> <span class='ocrx_word' id='word_1_214' title='bbox 1213 4077 1359 4159; x_wconf 91' lang='lat' dir='ltr'><strong>mundo</strong></span> <span class='ocrx_word' id='word_1_215' title='bbox 1383 4079 1619 4160; x_wconf 89' lang='lat' dir='ltr'><strong>vocationem</strong></span> <span class='ocrx_word' id='word_1_216' title='bbox 1642 4098 1708 4159; x_wconf 89' lang='lat' dir='ltr'><strong>aut</strong></span> <span class='ocrx_word' id='word_1_217' title='bbox 1732 4080 1949 4160; x_wconf 86' lang='lat' dir='ltr'><strong>intestinam</strong></span> 
     </span>
     <span class='ocr_line' id='line_1_28' title="bbox 524 4211 1063 4322; baseline 0 -33"><span class='ocrx_word' id='word_1_218' title='bbox 524 4213 686 4322; x_wconf 77' lang='lat' dir='ltr'><strong>fratrum</strong></span> <span class='ocrx_word' id='word_1_219' title='bbox 704 4211 989 4318; x_wconf 69' lang='lat' dir='ltr'><strong>dissentionem.</strong></span> <span class='ocrx_word' id='word_1_220' title='bbox 1059 4252 1063 4271; x_wconf 49' lang='lat' dir='ltr'>x</span> 
     </span>
    </p>
   </div>
   <div class='ocr_carea' id='block_1_6' title="bbox 0 0 2244 5842">
    <p class='ocr_par' dir='ltr' id='par_1_6' title="bbox 0 0 2244 5842">
     <span class='ocr_line' id='line_1_29' title="bbox 0 0 2244 5842; baseline 0 5"><span class='ocrx_word' id='word_1_221' title='bbox 0 0 2244 5842; x_wconf 95' lang='lat' dir='ltr'><strong> </strong></span> 
     </span>
    </p>
   </div>
  </div>
 </body>
</html>
