4388 5850
336 476 405 546 190
680 472 1086 546 CHAll'PULARIUM
1112 475 1392 549 SlTHIENSE.

332 641 427 701 esse,
439 610 748 690 Autisiodorense
757 612 992 719 relinquens,
1010 617 1149 691 avitum
1159 615 1348 694 Sithiense
1361 616 1567 695 cenobium
1580 618 1750 723 repetiit,

333 743 421 818 etin
436 742 680 847 dispositione
698 745 908 820 communis
926 743 1113 834 utilitatis,
1132 774 1251 852 usque
1264 747 1311 823 ad
1326 747 1399 823 vite
1412 747 1635 838 terminum,
1656 747 1753 828 inibi

332 874 413 950 Deo
438 872 595 949 adhesit.

960 1055 1120 1130 xvru.
1255 1005 1256 1008 ‘

388 1247 463 1326 Sed
492 1250 817 1354 supersedendum
845 1276 914 1326 nec
947 1248 1108 1328 arbitror
1135 1248 1335 1341 miraculo,
1365 1252 1491 1357 quod,
1523 1280 1569 1331 eo
1599 1270 1749 1344 orante,

332 1380 477 1458 meritis
492 1381 606 1484 patris
622 1379 740 1456 nostri
755 1377 915 1468 Bertiri,
933 1378 1119 1459 Dominus
1135 1379 1280 1485 operari
1297 1380 1471 1488 diguatus
1489 1398 1560 1470 ost,
1577 1380 1668 1461 licet
1678 1407 1750 1459 suo

332 1509 467 1588 ordine
486 1537 562 1589 uon
583 1525 762 1613 penatum
779 1535 884 1598 uam,
900 1526 1102 1614 antequem
1121 1507 1236 1587 abbas
1254 1513 1369 1599 esset,
1389 1511 1463 1589 boo
1479 1511 1595 1590 ‘ruodo
1610 1510 1749 1590 lactum

336 1639 566 1744 dignoscitur
581 1667 671 1714 esse.
690 1638 872 1730 Quidam,
889 1637 1039 1715 Bodora
1059 1638 1230 1729 nomine,
1247 1639 1605 1721 subministerialem
1620 1641 1753 1748 egebat

336 1796 482 1851 causam
509 1767 703 1874 cujusdam
729 1766 897 1873 majoris.
930 1766 1068 1871 prediti
1098 1786 1283 1873 potestate
1314 1771 1646 1880 advocatioueque,
1669 1768 1749 1847 sibi

335 1896 556 1979 vindicantis
573 1895 685 1977 ville¹
707 1894 849 2002 proprii
859 1896 957 2003 juris
976 1897 1092 1980 sancti
1110 1896 1270 1990 bertini,
1286 1897 1463 1981 Calmont
1480 1898 1747 1988 nominante,

334 2027 421 2132 quis
446 2056 521 2105 uua
541 2044 578 2108 et
595 2027 722 2106 timeri
746 2043 785 2107 et
807 2025 954 2132 plaeere
980 2004 1234 2120 desiderabat,
1261 2029 1424 2109 nimium
1447 2029 1685 2135 nimiumque
1706 2027 1753 2102 vi·

333 2157 471 2239 siculas
485 2158 615 2240 labore
628 2186 748 2263 usque
761 2158 932 2264 impense
944 2175 1027 2239 soto
1042 2159 1249 2264 premebat.
1261 2161 1420 2248 Verum,
1437 2188 1506 2265 pro
1520 2188 1628 2240 eausa
1640 2159 1752 2268 bttjus
1792 2138 1795 2143 ⁸

336 2287 543 2372 moliminis
569 2307 608 2368 et
630 2317 703 2394 pro
724 2305 827 2370 tante
851 2289 1103 2369 oeauoversia
1123 2288 1321 2396 injustitie,
1341 2291 1671 2394 supranominatus
1689 2317 1754 2394 ps·

336 2435 394 2494 ter
408 2418 643 2509 Heribertus,
661 2435 842 2528 precepto
854 2418 1069 2504 renemnde
1080 2404 1265 2501 memorie
1285 2417 1429 2498 abbatis
1443 2420 1622 2511 Boronis,
1640 2446 1754 2526 agens

336 2578 463 2632 curem
490 2550 607 2654 ipsius
626 2549 729 2639 ville,
753 2551 892 2630 curarit
915 2552 1017 2629 hunc
1040 2551 1166 2658 sepius
1191 2577 1426 2641 ammomre,
1447 2568 1491 2629 ut
1509 2550 1705 2628 desisteret
1731 2577 1752 2624 a

336 2707 499 2785 nsquam
520 2697 603 2763 actu
623 2698 661 2756 et
680 2679 727 2761 eb
746 2682 852 2761 omni
866 2682 1120 2787 oppressione.
1138 2681 1186 2760 At
1202 2681 1324 2789 palam
1344 2673 1750 2790 arguentemsceleris,

337 2809 450 2890 velud
471 2827 657 2897 metuens,
681 2807 863 2917 fugiebam
888 2811 987 2889 clam
1011 2829 1138 2891 autem
1158 2810 1214 2889 illi
1233 2811 1450 2899 detrahens,
1469 2809 1655 2888 subdolus
1674 2838 1754 2887 rna-

336 2938 576 3020 chiusmenta
596 2938 817 3018 instruebat.
839 2941 964 3043 Super
976 2940 1037 3019 bis
1050 2968 1139 3020 vero
1159 2940 1295 3018 dolens
1311 2941 1536 3030 monachus,
1553 2939 1752 3018 dominum

337 3064 439 3146 illius
461 3066 567 3157 adiit,
592 3094 823 3171 suorumque
846 3096 887 3145 ac
912 3094 1017 3148 susm
1037 3068 1214 3175 injuriam
1243 3069 1428 3173 patefecit.
1455 3070 1561 3176 «Ego
1586 3068 1664 3174 ipse
1683 3096 1752 3173 pro

340 3224 444 3286 «ms,
460 3196 598 3303 inquit,
616 3198 718 3279 bunc
733 3196 898 3302 primum
914 3195 1055 3306 curabo
1069 3196 1223 3286 minari3
1241 3214 1296 3288 et,
1311 3200 1343 3277 si
1358 3198 1535 3304 deinceps
1550 3200 1619 3278 bec
1633 3197 1753 3278 admi·

340 3327 470 3418 «serit,
495 3328 653 3435 pecunie
670 3326 806 3404 sentiet
825 3327 1044 3433 dampnum.
1061 3327 1315 3405 r-llevsrteute
1329 3325 1445 3434 igitur
1463 3356 1639 3420 monaco,
1655 3327 1752 3407 forts

338 3458 432 3541 atter
438 3458 642 3566 jamdictus
648 3458 814 3550 advenit,
825 3458 886 3539 eui
901 3457 1078 3540 domiuus
1090 3457 1172 3564 ejus
1184 3487 1194 3533 τ
1206 3492 1219 3526 ι
1233 3457 1469 3547 Heribertus,
1482 3457 1616 3564 iuquit,
1631 3486 1756 3538 mona-

339 3618 431 3671 rcus
442 3590 512 3673 tibi
523 3607 732 3680 suscenset,
745 3589 876 3672 diceus
891 3589 979 3696 quia
993 3587 1174 3670 ruricolas
1184 3616 1272 3669 meo
1283 3587 1432 3668 servitio
1443 3587 1563 3666 subde
1573 3593 1598 3662 ².
1615 3623 1629 3654 ι
1644 3589 1756 3666 Redit

337 3720 524 3828 siquidem
546 3738 710 3803 armatus
735 3737 915 3826 precepto
932 3719 1106 3809 Domini,
1126 3716 1345 3824 malumque
1367 3718 1505 3796 evomit
1527 3716 1678 3794 latentis
1700 3747 1758 3798 re

339 3851 440 3935 ueni.
464 3852 556 3934 Nem
575 3849 832 3956 apprehendit
855 3848 971 3931 boses
998 3847 1101 3930 illius
1130 3848 1170 3924 in
1199 3873 1289 3956 agro
1308 3862 1517 3953 pascentes,
1541 3863 1582 3922 et
1604 3846 1755 3926 seruitio

340 3981 488 4068 domiui
513 3982 570 4064 sui
590 3979 783 4072 subdidit,
806 4007 946 4088 eosque
972 4008 1040 4087 per
1058 3996 1185 4061 totum
1205 3973 1375 4062 triduum
1393 3976 1543 4064 -teeuits
1566 3992 1607 4055 ut
1628 3992 1754 4056 satem

340 4113 496 4220 placuit.
515 4112 737 4197 macilentos
756 4110 997 4218 multumque
1018 4110 1192 4202 afflictos,
1209 4108 1267 4189 uti
1285 4107 1330 4190 fit
1354 4124 1414 4188 tot
1435 4105 1644 4198 laboribus,
1668 4107 1756 4185 red·

339 4243 448 4321 didit.
475 4245 569 4322 Inde
594 4245 688 4323 adeo
712 4261 838 4322 motus
864 4241 1051 4352 siquidem
1077 4241 1301 4327 monachus,
1327 4264 1489 4343 nequam
1511 4238 1620 4312 hunc‘
1631 4236 1755 4315 verbis

339 4374 554 4483 aggreditur
569 4406 576 4450 :
595 4411 611 4448 ι
625 4375 748 4481 Usque
764 4373 814 4450 stl
830 4372 871 4452 id
883 4389 1037 4477 tempas
1048 4368 1168 4446 libers
1184 4367 1305 4444 extitit
1319 4382 1446 4447 naurs
1458 4366 1573 4442 curtis
1585 4365 1633 4454 ab
1649 4366 1754 4442 omni

341 4502 532 4594 «serdtio,
554 4501 700 4611 luitque
721 4532 786 4583 sue
809 4495 1536 4609 poterutis;necquts‘p1·iorumausus
1561 4495 1630 4572 luit
1652 4494 1693 4570 in
1713 4521 1756 4572 ss
1876 4532 1880 4537 ·

342 4632 439 4713 «sibi
463 4631 658 4711 vendicare
683 4631 838 4740 aliquod
858 4633 922 4741 jus
948 4630 1022 4713 sire
1050 4630 1124 4708 vim
1151 4625 1362 4708 irrvasionis.
1381 4625 1639 4724 Quamobrem
1666 4653 1755 4735 ergo

384 4798 391 4830 ²
417 4799 491 4863 tort.
505 4799 607 4879 corrig.
621 4796 723 4860 sillum.
1133 4791 1144 4829 ¹
1166 4791 1233 4874 Leg
1247 4792 1414 4861 aarum,
1428 4790 1525 4852 subdit
