4478 5842
569 488 691 561 PARS
725 484 966 559 SECUNDA.
986 524 1037 543 --
1056 483 1265 557 SlMONlS
1290 484 1383 556 LlB.
1408 485 1456 554 11.
1654 483 1728 553 215

995 751 1039 825 V.

366 945 482 1023 Nobis
502 947 652 1023 interim
669 944 967 1052 expectantibus,
985 944 1120 1019 nuntio
1136 943 1379 1049 precedente,
1398 969 1482 1017 ecce
1499 970 1656 1047 sponsus
1674 969 1732 1017 ve·

310 1076 378 1155 nit.
392 1076 617 1153 Exeundum
636 1093 715 1153 erat
734 1075 881 1151 obviam
903 1075 948 1150 ei.
971 1075 1059 1150 Mox
1075 1073 1255 1148 nimirum
1280 1071 1403 1148 omnis
1423 1070 1583 1146 fraterna
1603 1070 1734 1147 coadu-

310 1204 428 1296 natio,
454 1204 591 1281 amictu
611 1204 797 1281 succincta
820 1203 945 1288 niveo,
969 1202 1147 1309 cultuque
1171 1200 1320 1308 palliata
1342 1184 1454 1291 vario,
1475 1200 1578 1304 quasi
1600 1228 1733 1306 sponsa

310 1336 356 1410 de
378 1332 543 1410 thalamo
559 1334 740 1440 processit
759 1332 905 1409 obviam
927 1361 1076 1438 sponso.
1099 1331 1217 1438 Aqua
1233 1330 1298 1406 ille
1317 1330 1428 1405 nudis
1450 1329 1610 1434 pedibus
1634 1329 1734 1406 mul-

308 1483 465 1570 tumque
492 1463 766 1550 collacrimans,
788 1461 966 1537 baculum
989 1460 1162 1536 manibus
1192 1476 1355 1566 gestans,
1385 1450 1579 1563 susceptus*
1600 1457 1732 1534 modu·

310 1594 469 1670 lentium
485 1593 654 1678 vocibus,
677 1591 845 1668 altisonis
864 1590 1170 1697 precedentibus,
1193 1589 1239 1663 ab
1255 1589 1430 1693 episcopo
1443 1588 1480 1662 in
1495 1587 1584 1663 sede
1599 1588 1734 1693 capita·

310 1752 380 1798 nea
411 1710 661 1800 constituitur.
690 1722 761 1798 Ubi
788 1720 892 1796 finita
923 1721 1152 1797 cantantium
1180 1719 1457 1804 modulatione,
1485 1716 1531 1793 ab
1558 1716 1734 1794 omnibus

308 1851 407 1958 pacis
428 1850 554 1928 oscula
574 1852 794 1942 offeruntur,
824 1851 950 1955 sicque
968 1850 1014 1924 dc
1039 1867 1162 1924 cetero
1184 1866 1227 1924 ut
1240 1848 1403 1923 domnus
1421 1865 1458 1923 et
1481 1847 1595 1924 abbas
1615 1848 1732 1944 hono-

193 1996 195 2000 '
308 1997 422 2057 ratur.
440 1981 529 2058 Acta
544 1998 632 2057 sunt
651 1980 722 2055 hec
737 2007 835 2054 anno
849 1979 1038 2054 dominice
1055 1979 1252 2053 nativitatis
1273 1976 1475 2052 millesimo
1489 1979 1732 2085 nonagesimo

310 2110 465 2216 quinto,
484 2139 583 2186 anno
603 2137 692 2186 vero
714 2137 780 2185 sue
804 2108 910 2185 etatis
932 2107 1122 2183 tricesimo
1139 2124 1292 2213 quarto,
1318 2106 1439 2211 prima
1464 2105 1525 2180 die
1546 2107 1683 2212 aprilis.

985 2401 1051 2476 vl.

364 2595 440 2668 Hec
462 2593 508 2669 de
536 2592 639 2668 illius
663 2594 779 2697 priori
805 2591 1106 2682 conversatione,
1134 2592 1317 2668 electione
1342 2588 1455 2666 simul
1478 2607 1732 2669 etconsecra-

304 2722 425 2812 tione,
448 2749 561 2797 nemo
585 2748 647 2796 me
664 2722 798 2797 dixisse
821 2721 1007 2797 inutiliter
1024 2720 1316 2826 calumpnietur3
1337 2720 1403 2796 sed
1423 2736 1538 2809 certe,
1560 2722 1730 2801 utilitatis

302 2849 434 2955 gratia,
457 2879 517 2925 me
535 2867 666 2926 cuncta
680 2850 909 2956 congessisse
931 2851 1181 2955 equanimiter
1196 2851 1340 2940 credat3
1359 2867 1402 2926 ut
1420 2850 1562 2927 scilicet
1575 2879 1729 2929 omnem

302 2979 475 3055 ordinem
492 2979 657 3085 eligendi
673 2979 818 3056 abbatis
834 2981 996 3084 posteris
1016 2980 1272 3087 relinquerem
1287 2981 1516 3073 tenendum3
1538 2983 1728 3091 simulque

301 3107 507 3212 panderem
530 3109 619 3185 huic
643 3110 824 3186 Sithiensi
852 3109 1016 3187 cenobio
1041 3140 1118 3187 non
1144 3139 1282 3216 paucos
1302 3139 1380 3186 non
1405 3110 1729 3216 parveprobitatis

299 3237 397 3313 viros
417 3237 629 3329 inolevisse,
647 3267 805 3345 raroque
822 3236 916 3315 tales
928 3241 993 3346 qui
1010 3242 1115 3317 omni
1132 3258 1256 3318 essent
1268 3241 1371 3348 digni
1387 3243 1531 3318 honore
1548 3242 1727 3336 delirisse3

302 3367 526 3472 nullumque
547 3368 636 3445 huic
656 3368 741 3445 loco
762 3371 1064 3474 promovendum
1085 3370 1181 3459 lore,
1209 3372 1278 3446 nisi
1296 3399 1427 3476 quem,
1450 3373 1661 3448 secundum
1680 3376 1729 3449 ti·

301 3525 446 3574 morem
461 3498 549 3586 Dei,
566 3497 700 3575 electio
714 3497 871 3574 fratrum
887 3501 1114 3604 poposcerit,
1133 3518 1170 3576 et
1184 3529 1311 3605 quem,
1325 3499 1430 3576 nulla
1444 3500 1514 3575 alia
1530 3520 1729 3579 consuetu-

302 3605 414 3702 dinali
439 3628 664 3704 rectitudine
684 3627 743 3704 vel
763 3629 949 3733 potencia,
967 3630 1051 3722 sed,
1073 3629 1155 3705 solo
1179 3616 1330 3706 assensu
1345 3629 1639 3735 preficientium‚
1663 3632 1728 3709 de-

300 3756 474 3845 creverit,
496 3782 562 3830 seu
590 3784 704 3861 quem
727 3757 922 3862 episcopus
941 3758 1207 3851 Taruanensis,
1233 3761 1263 3841 si
1283 3761 1323 3836 in
1347 3777 1525 3866 promptu
1552 3759 1684 3854 fuerit,
1707 3792 1727 3838 a

299 3914 337 3961 sc
357 3901 615 3961 consecratum
629 3902 667 3961 et
682 3887 857 3990 pastorali
873 3889 972 3992 virga
990 3890 1227 3994 insignitum,
1244 3892 1283 3966 in
1300 3893 1438 3967 throno
1458 3891 1636 3969 cardinali
1652 3892 1727 3970 col·

299 4012 485 4090 locaverit.
865 4030 868 4035 ’

966 4216 1062 4292 v11.

357 4403 588 4481 Sublimatus
609 4404 723 4512 igitur
740 4405 814 4483 hoc
828 4407 962 4484 ordine
977 4409 1017 4485 in
1036 4410 1192 4488 honoris
1212 4408 1393 4500 culmine,
1419 4413 1516 4519 cepit
1530 4412 1718 4512 bonorum

299 4535 464 4611 virorum
484 4535 525 4610 in
546 4536 700 4642 agendis
714 4537 769 4613 nti
789 4538 963 4631 consilio,
979 4557 1164 4618 eteorum
1184 4570 1253 4649 per
1266 4542 1393 4619 omnia
1405 4543 1592 4648 sapienter
1607 4544 1721 4621 infor-

300 4666 393 4741 mari
420 4664 608 4770 exemplo,
636 4695 712 4772 quo
726 4667 968 4776 ‚insurgentes
996 4688 1125 4749 contra
1145 4700 1184 4749 se
1204 4672 1407 4779 repelleret
1429 4673 1573 4764 hostes,
1601 4689 1639 4750 et
1659 4690 1720 4749 tu-

299 4795 567 4874 multuantium
582 4797 851 4879 insolescentes
867 4821 1121 4908 compesceret
1139 4803 1237 4883 lites.
1259 4805 1357 4883 Cum
1373 4804 1413 4879 in
1428 4831 1604 4909 processu
1620 4819 1718 4879 tem·
