4478 5842
315 492 362 560 76
664 489 1070 564 CHARTULARIUM
1102 491 1382 566 SITHIENSE.

953 779 1107 852 LVIII.

776 975 926 1019 axttttrtan
950 980 1077 1021 EIUSDEM
1101 980 1268 1021 PRIVIIAEGII.

91 1173 122 1223 ,s
136 1183 200 1244 sept.
217 1176 278 1228 820.
368 1159 437 1232 «In
452 1157 606 1233 nomine
622 1154 777 1232 Domini
794 1156 864 1234 Dei
884 1175 921 1233 et
939 1155 1130 1233 salvatoris
1150 1156 1268 1233 nostri
1289 1157 1404 1234 lhesu
1423 1157 1574 1236 Christi.
1591 1159 1734 1239 Hludo·

311 1288 429 1378 vicus,
452 1286 576 1361 divina
599 1285 796 1363 ordinante
812 1286 1063 1392 providentia,
1087 1285 1293 1391 imperator
1315 1305 1504 1395 augustus.
1525 1289 1734 1394 Imperialis

310 1418 427 1495 moris
439 1418 586 1523 optinet
596 1416 906 1520 predecessorum
917 1437 1075 1492 suorum
1089 1416 1152 1520 pie
1164 1415 1260 1492 lacta
1276 1444 1354 1493 non
1370 1416 1497 1494 solum
1512 1416 1736 1495 inviolabili-

310 1567 603 1637 terconservare,
616 1546 684 1623 sed
695 1546 807 1623 etiam
818 1572 982 1621 censure
992 1574 1068 1621 suae
1079 1546 1299 1622 auctoritate
1308 1547 1481 1623 alacriter
1490 1547 1733 1637 confirmare;

311 1695 450 1783 quanto
461 1676 578 1784 magis
587 1704 658 1752 nos
670 1706 691 1752 a
702 1693 807 1752 tanto
818 1676 999 1781 principe,
1012 1674 1187 1752 adomno
1200 1674 1344 1752 scilicet
1358 1694 1396 1752 et
1409 1677 1579 1782 genitore
1590 1695 1733 1765 nostro,

312 1808 361 1882 ob
375 1835 542 1884 amorem
560 1807 630 1883 Dei
647 1805 826 1884 collatum
839 1805 898 1882 vel
912 1806 1193 1896 confirmatum,
1212 1805 1258 1882 ab
1279 1806 1340 1882 his
1355 1805 1494 1910 quibus
1509 1806 1735 1883 attributum

312 1955 367 2013 est
396 1952 433 2012 et
456 1935 602 2012 firmius
626 1952 780 2012 teneant
804 1952 843 2012 et
868 1934 1035 2012 securius
1060 1933 1286 2040 possideant.
1316 1934 1454 2011 Iccirm
1486 1950 1623 2011 notum
1651 1936 1735 2011 fieri

311 2065 485 2143 volumus
495 2066 674 2144 omnibus
685 2064 866 2142 fidelibus
880 2082 1013 2142 sancte
1026 2063 1097 2141 Dei
1109 2062 1275 2140 eeclesiae
1289 2080 1327 2139 et
1334 2063 1484 2151 nostris,
1496 2065 1735 2168 presentibus

312 2198 452 2275 scilicet
462 2216 503 2274 et
511 2197 659 2288 futuris,
671 2197 777 2303 quod
786 2196 841 2272 vir
850 2193 1074 2272 venerabilis
1086 2195 1115 2271 F
1116 2192 1317 2299 ridogisus,
1334 2192 1441 2285 abba,
1453 2212 1492 2270 et
1504 2194 1595 2271 sacri
1607 2194 1733 2299 palatii

312 2329 429 2404 nostri
459 2354 630 2405 summus
656 2325 914 2415 cancellarius,
936 2324 1003 2431 qui
1031 2342 1070 2402 et
1093 2325 1366 2403 monasterium
1386 2324 1530 2413 Sithiu,
1553 2327 1658 2432 quod
1679 2343 1737 2404 est

312 2475 569 2535 constructum
597 2457 637 2531 in
661 2436 906 2534 honore⁴Dei
927 2455 1200 2559 omnipotentis
1227 2471 1264 2532 et
1285 2455 1402 2532 sancti
1430 2450 1533 2531 Petit
1558 2455 1735 2560 principis

311 2588 567 2693 apostolorum
580 2586 640 2662 vel
651 2603 864 2663 ceterorum
880 2602 1108 2676 sanctorum,
1124 2583 1191 2660 ubi
1208 2585 1320 2661 etiam
1339 2601 1487 2661 sauctus
1495 2582 1734 2687 Andomarus

312 2718 503 2796 confessor
517 2717 656 2795 Christi
674 2744 831 2822 corpore
851 2716 1070 2822 requiescit,
1094 2710 1261 2792 ostenrsst
1273 2716 1386 2793 nobis
1401 2715 1591 2820 quoddam
1607 2731 1734 2793 aucto·

310 2848 429 2923 ritatis
447 2863 667 2951 preceptum
691 2846 824 2921 domni
844 2863 881 2920 et
906 2846 1086 2950 genitoris
1106 2845 1223 2922 nostri
1243 2843 1391 2935 Karoli,
1413 2845 1505 2921 divae
1525 2845 1732 2937 memorie,

311 2974 595 3078 prestantissimi
621 2973 875 3076 imperatoris,
896 2973 937 3047 in
961 3001 1039 3077 quo
1061 2973 1325 3050 continebatur
1343 2974 1546 3064 insertum,
1576 2975 1736 3080 qualiter

313 3104 553 3180 concessisset
563 3101 757 3178 monacbis
774 3099 921 3177 ibidem
941 3101 1176 3209 degentibus,
1194 3100 1232 3177 in
1250 3131 1381 3180 eorum
1389 3104 1551 3209 propriis
1565 3103 1675 3192 silvis,
1693 3123 1736 3182 ut

312 3234 503 3310 licentiam
533 3231 717 3308 haberent
745 3229 910 3323 illorum,
935 3230 1112 3310 homines
1139 3232 1377 3311 venationem
1404 3231 1598 3327 'exercere
1631 3232 1734 3310 unde

309 3362 441 3441 fratres
464 3361 761 3441 consolationem
788 3360 926 3437 habere
957 3378 1127 3466 possent,
1152 3379 1231 3438 tarn
1256 3364 1303 3439 ad
1329 3361 1523 3439 volumina
1548 3362 1732 3439 librorum

260 3598 270 3615 ..
310 3496 486 3603 tegenda,
503 3521 692 3602 quamque
709 3510 747 3570 et
766 3493 814 3568 ad
833 3493 998 3571 manicas
1012 3492 1202 3571 faciendas
1221 3495 1279 3570 vel
1302 3522 1431 3584 zonas,
1450 3493 1565 3572 salvas
1579 3492 1735 3571 forestes

311 3627 408 3733 ejus,
431 3655 521 3733 quas
541 3626 589 3702 ad
611 3652 704 3729 opus
729 3624 808 3729 ejus
829 3624 1048 3707 constitutas
1079 3623 1259 3713 habebat,
1292 3642 1329 3700 et
1351 3625 1568 3729 deprecatus
1597 3641 1669 3714 est,
1690 3642 1734 3700 ut

309 3776 471 3862 paternae
491 3755 699 3833 auctoritati
725 3755 914 3831 firmitatis
928 3754 1085 3864 gratiam
1105 3771 1269 3831 nostram
1288 3756 1625 3861 superadderemus
1647 3783 1733 3832 auc-

309 3889 512 3964 toritatem.
534 3885 651 3991 Cujus
669 3883 844 3989 precibus
865 3901 1094 3976 annuentes,
1113 3887 1210 3962 hanc
1230 3903 1396 3963 nostram
1416 3885 1677 3962 auctoritatem
1698 3885 1731 3960 ei

311 4019 392 4093 fieri
406 4017 597 4125 jussimus,
620 4040 817 4122 perquam
834 4015 990 4092 omnino
1008 4016 1236 4121 precipimus
1262 4034 1371 4122 atque
1389 4014 1675 4103 demandamus,
1690 4026 1738 4089 ut

195 4168 203 4183 ·
308 4176 430 4255 neque
444 4176 509 4225 vos
522 4175 643 4253 neque
661 4145 772 4223 vestri
782 4145 954 4252 juniores
974 4174 1041 4222 seu
1058 4173 1289 4225 successores
1299 4145 1422 4235 vestri,
1435 4141 1731 4220 memoratoviro

307 4276 511 4353 venerabili
532 4275 728 4381 Fridogiso
748 4273 874 4352 abbati
899 4292 1009 4380 atrpre
1029 4276 1303 4353 successoribus
1326 4275 1402 4352 suis
1426 4301 1491 4350 seu
1512 4271 1732 4351 hominibus

308 4434 455 4497 eorum,
477 4432 545 4512 pro
568 4408 636 4482 hac
660 4434 769 4481 causa
793 4406 1002 4512 inquietare
1018 4423 1083 4481 aut
1097 4404 1353 4513 calumpniam
1367 4422 1574 4514 generare:
1587 4418 1650 4480 aut
1664 4401 1731 4477 ali-
1824 4440 1843 4459 ν

305 4536 399 4644 quid
414 4536 460 4612 ab
483 4537 536 4614 eis
552 4564 619 4641 pro
639 4537 710 4612 hoc
724 4538 914 4641 requirere
930 4554 993 4614 aut
1013 4555 1197 4630 exactare,
1212 4548 1283 4616 dec
1298 4540 1455 4616 omnino
1475 4534 1729 4614 contradicere

305 4666 545 4774 presumatis;
577 4666 647 4743 nisi
674 4665 784 4743 liceat
812 4695 944 4745 eorum
972 4667 1211 4761 hominibus,
1242 4670 1339 4746 sicut
1358 4666 1657 4774 supradiximus,
1687 4692 1730 4741 ex

305 4816 431 4879 nostra
447 4796 697 4908 indulgentia,
715 4797 754 4873 in
774 4824 906 4875 eorum
927 4798 1088 4905 propriis
1108 4798 1207 4877 silvis
1227 4798 1466 4876 venationem
1483 4822 1666 4873 exercere.
1682 4792 1731 4869 Et
