4478 5842
338 486 412 560 llo
839 481 1257 557 CHARTULARIUM·

337 629 378 703 in
407 624 681 714 vadimonium,
712 639 840 730 postea
870 624 1007 702 additis
1039 625 1243 702 duodecim
1266 624 1413 713 solidis,
1441 627 1480 702 in
1505 625 1754 706 hereditatem

334 756 514 834 vendidit.
538 757 623 850 Qua
644 757 690 831 de
711 783 751 831 re
773 755 930 833 domino
947 755 1044 862 ejus,
1065 756 1230 833 Rodullo
1251 756 1393 833 scilicet
1413 759 1459 835 de
1480 758 1689 848 warenna,
1713 779 1755 837 ut

334 891 430 966 hane
450 886 737 967 conventionem
759 904 958 975 annueret,
977 903 1054 962 tres
1077 887 1192 964 libras
1209 887 1400 992 predictus
1417 887 1530 965 abbas
1548 889 1671 980 dedit;
1688 892 1754 997 qui

232 1094 234 1098 Α
334 1019 497 1095 libenter
512 1018 591 1122 ipse
603 1033 641 1092 et
655 1044 749 1092 uxor
764 1017 863 1123 ejus,
877 1015 1030 1093 nomine
1040 1017 1191 1107 Emma,
1209 1035 1440 1127 annuerunt,
1458 1034 1497 1095 et
1511 1019 1753 1101 donationem

333 1149 380 1224 ad
402 1147 516 1224 altare
536 1147 677 1224 Sanctae
692 1145 885 1222 Trinitatis
901 1146 1095 1222 miserunt.

500 1330 626 1412 Signum
643 1329 776 1390 Ronntrr
797 1331 835 1391 de
854 1305 1010 1390 Warenn'a.
1029 1329 1154 1411 Signum
1172 1330 1283 1400 Eunu,
1309 1333 1404 1391 uxoris
1426 1335 1500 1415 ejus.
1519 1332 1644 1415 Signum
1664 1335 1755 1416 ipsius

541 1433 713 1518 Wintemu,
740 1430 794 1491 filii
816 1430 967 1494 Anacheri.
993 1431 1119 1514 Signum
1145 1433 1280 1495 Hunotue
1299 1432 1338 1494 de
1362 1433 1564 1496 Flamenvilla.
1591 1435 1632 1494 Ex
1658 1449 1754 1497 nostra
1842 1500 1845 1507 ,

538 1544 618 1614 parte
631 1543 716 1592 testea
733 1532 945 1595 :Gorrrnnnoe
961 1533 1095 1600 Dicerem
1109 1534 1274 1603 lircannur',
1287 1533 1429 1602 senescel;
1441 1535 1638 1607 Brutumne,
1658 1559 1752 1599 cocus.
1872 1596 1879 1611 ,

955 1740 1126 1872 uxxt

386 1994 575 2073 Omnibus
589 2009 723 2070 sanctae
742 1990 905 2068 ecclesiae
922 1987 1011 2066 liliis
1025 2007 1158 2067 notum
1178 1991 1242 2080 sit,
1266 1991 1370 2096 quod
1389 1991 1574 2070 Rodullus
1595 1994 1642 2069 de
1663 1995 1754 2072 Wa-

331 2154 447 2203 renna
469 2124 625 2231 ejusque
646 2121 799 2229 conjux,
816 2120 1000 2199 vocabulo
1019 2122 1168 2211 Emma,
1189 2150 1276 2215 cum
1293 2095 1379 2198 filiis
1396 2121 1488 2208 suis,
1506 2123 1671 2201 Rodullo
1691 2127 1755 2201 sci-

330 2257 419 2333 licet
437 2272 548 2361 atque
574 2253 792 2339 Willelmo,
818 2271 904 2360 post
925 2280 1043 2330 annos
1057 2251 1144 2328 -lere
1166 2279 1227 2330 xvi
1251 2280 1362 2357 quam
1384 2268 1562 2358 quattuor
1580 2254 1752 2331 villarum

330 2385 536 2465 Caletensis
557 2384 658 2493 pagi,
676 2382 885 2461 Maltevillae
905 2381 1096 2468 videlicet,
1118 2381 1386 2467 Flamenvillae,
1407 2382 1572 2458 Amundi
1589 2384 1695 2462 Villae
1715 2405 1752 2464 et

330 2514 596 2626 Anglicevillae,
627 2513 800 2592 ecclesias
827 2530 865 2592 et
885 2542 1014 2590 earum
1040 2512 1203 2589 decimas
1223 2513 1333 2591 nobis
1357 2511 1641 2604 vendiderant1,
1664 2543 1753 2591 con-

328 2647 578 2725 venientes-in
597 2646 671 2723 hoc
693 2643 923 2722 monasterio
943 2670 1042 2720 anno
1066 2643 1263 2721 dominice
1283 2642 1547 2720 incarnationis
1565 2671 1749 2736 uniunt,

328 2808 482 2856 omnem
506 2778 624 2855 totius
644 2775 768 2854 Osulli
786 2775 892 2855 Villae
916 2774 1087 2883 ejusdem
1107 2773 1313 2852 Caletensis
1334 2775 1437 2881 pagi,
1462 2804 1548 2850 cum
1574 2774 1749 2864 ecclesia,

330 2909 527 2998 decimam,
545 2935 659 3012 quam
673 2936 693 2982 a
711 2904 936 2993 Guillelmo,
953 2904 1032 2982 lilio
1049 2904 1215 3010 Rogerii,
1232 2902 1301 2981 filii
1317 2904 1487 3013 Hugonis
1502 2904 1665 3011 episcopi
1681 2933 1752 2984 xxx
1823 2978 1828 2984 ,

329 3038 435 3115 libris
456 3037 695 3114 denariorum
713 3052 901 3125 emerant,
918 3062 987 3140 pro
1002 3034 1264 3139 redemptione
1284 3035 1493 3112 animarum
1516 3063 1688 3125 suarum,
1711 3036 1750 3111 in

329 3185 548 3274 perpetuam
570 3165 822 3258 hereditatem
839 3162 948 3241 nobis
966 3150 1171 3250 dederunt,
1194 3181 1232 3241 et
1250 3144 1492 3265 donationem
1507 3194 1620 3271 super
1632 3166 1748 3242 altare

329 3298 470 3375 Sanctae
489 3294 683 3374 Trinitatis
702 3310 924 3401 posuerunt,
947 3321 1073 3370 coram
1093 3292 1263 3371 testibus.

498 3471 743 3564 Signumipaiua
768 3481 912 3541 ltonmru.
939 3479 1062 3562 Signum
1087 3472 1214 3547 Burin,
1229 3479 1323 3540 uxoria
1348 3481 1421 3561 ejue.
1446 3478 1571 3560 Signum
1599 3478 1749 3547 Ronucri,

537 3584 591 3644 filii
608 3605 718 3646 eorum.
736 3583 861 3668 Signum
874 3583 1046 3652 Wutnmu,
1064 3581 1157 3644 frauie
1173 3585 1246 3666 ejus.
1265 3582 1391 3665 Signum
1407 3582 1548 3644 Hunorus
1562 3582 1599 3642 de
1614 3582 1750 3643 Flamen-

537 3687 613 3751 villa.
633 3686 758 3769 Signum
781 3687 946 3753 Barnaeum
964 3687 1084 3768 signum
1098 3685 1280 3755 Gnrcnrcur,
1299 3685 1428 3747 liliorum
1448 3688 1520 3770 ejus.
1541 3684 1666 3768 Signum
1682 3685 1749 3747 Gra·
1795 3669 1801 3675 ⁴

539 3772 674 3856 neennri.
699 3789 804 3851 clerici.
831 3788 956 3870 Signum
979 3789 1135 3851 Lrunona
1164 3788 1206 3848 Ex
1227 3801 1325 3850 nostra
1348 3802 1429 3872 parte
1451 3799 1537 3851 testes
1558 3788 1749 3856 :Rreauuos,

538 3893 683 3959 senmml:
703 3893 897 3962 Brnuannos,
909 3914 1011 3960 cocum
1031 3892 1179 3954 Brcannns
1192 3893 1229 3953 de
1243 3891 1401 3976 Appivillm
1416 3890 1623 3959 Gurcnrcuus,
1643 3903 1748 3959 sarton

538 3997 713 4056 illinemus
724 3994 880 4078 Anglicus;
892 3995 1086 4065 Wanrrruns,
1100 4015 1200 4062 oneum
1214 3993 1378 4058 Acuenicus
1392 3995 1428 4055 de
1438 3992 1574 4060 Blmillm
1589 3992 1749 4055 Querens

537 4097 738 4159 Bnuucosren.

941 4335 1133 4412 XXXVI.

387 4532 471 4608 Haec
492 4547 547 4607 est
567 4531 764 4609 affirmatio
787 4530 1000 4609 donationis
1025 4529 1187 4609 ecclesiae
1212 4527 1259 4605 de
1283 4528 1431 4608 Salceid
1456 4560 1568 4637 quam
1595 4517 1744 4614 tidelia,

324 4691 394 4769 pro
409 4659 562 4739 Rodulli
584 4663 630 4737 de
654 4661 786 4738 eadem
801 4661 887 4738 villa
905 4662 973 4739 viri
994 4662 1051 4738 sui
1070 4661 1210 4749 anima,
1229 4677 1266 4738 ct
1281 4656 1351 4768 pro
1369 4690 1408 4741 se
1429 4663 1581 4769 suisque
1599 4661 1744 4746 amicis,

369 4827 377 4858 ¹
400 4825 474 4887 Vide
491 4826 620 4888 chartam
639 4845 717 4887 xxix.
