4478 5842
472 496 477 501 ·
551 484 682 565 aare
703 481 1246 561 sacuu·aa.,-s1uorus
1270 459 1366 559 tte}
1392 483 1463 553 111.
1643 484 1716 554 515

298 625 749 712 athuasannissartini,
765 625 923 731 ejusque
943 621 1220 703 successoribus
1239 622 1463 729 regulariter
1482 622 1718 701 substituen-

300 758 360 841 dis.
378 758 676 863 imperpetuum.
692 755 848 839 Justirie
870 772 911 833 et
927 753 1085 832 rationis
1106 753 1204 831 ordo
1223 754 1358 831 suadet
1379 770 1427 833 -ut
1449 753 1516 860 qui
1536 780 1605 833 sua
1621 754 1721 833 desi-

299 888 404 967 derat
414 870 1075 973 asuccemoribusmandataservari,
1093 883 1367 989 predecessoris
1380 884 1438 960 sui
1455 882 1721 988 proculdubio

299 1017 531 1107 voluntatem
544 1034 585 1095 et
600 1015 947 1103 statutacustodiat.
963 1015 1148 1119 Ideoque,
1166 1011 1301 1091 dilecte
1317 1013 1356 1090 in
1371 1013 1539 1092 Domino
1554 1013 1627 1104 lili,
1645 1016 1721 1091 Leo

159 1233 170 1256 ς
300 1147 431 1236 abbas,
448 1147 679 1225 decisionem
691 1146 960 1234 controversie,
976 1162 1122 1251 quaest
1136 1143 1280 1229 diutius
1295 1144 1430 1252 agitata
1445 1144 1644 1222 interteet
1664 1147 1729 1220 di-’

300 1278 441 1357 lectum
462 1278 586 1356 lilium
598 1295 773 1357 nostrum
783 1279 959 1367 Petrum,
976 1274 1262 1355 Cluniacensam
1281 1274 1473 1361 abbatem,
1488 1304 1556 1380 pro
1571 1274 1719 1381 subjec-

279 1474 282 1478 Α
301 1410 422 1495 tione,
438 1436 553 1514 wem
566 1407 670 1487 idern
685 1407 800 1489 abbat
815 1407 886 1487 sibi
897 1407 945 1485 in
960 1425 1029 1484 tuo
1046 1405 1273 1499 monasterio
1294 1404 1522 1497 vindicabat,
1540 1407 1723 1511 quamad-

302 1540 462 1617 modum
478 1538 775 1645 apredecessore
791 1554 920 1616 nostro
936 1537 1037 1615 bone
1052 1537 1235 1613 memorie
1251 1565 1345 1643 papa
1360 1535 1597 1645 Innocentio,
1613 1537 1725 1614 nobis

301 1682 455 1776 quoque
468 1685 507 1746 et
516 1667 602 1745 aliis
620 1667 797 1747 tratribus
810 1667 888 1747 suis
901 1667 1140 1773 presentibus
1153 1682 1191 1743 et
1206 1657 1529 1757 collaudantibus,
1543 1666 1636 1743 facta
1652 1676 1725 1757 est,

301 1817 342 1879 ct
355 1799 482 1905 scripti
495 1798 554 1877 sui
569 1797 782 1879 munimine
797 1797 989 1886 roborata,
1004 1794 1274 1874 confirmamus
1288 1814 1326 1873 et
1338 1814 1454 1875 ratam
1471 1824 1624 1875 manere
1638 1826 1727 1901 cep-

265 1902 271 1916 ,
303 1957 441 2027 semus.
458 1927 665 2034 Privilegiis
679 1927 806 2034 itaque
820 1926 1149 2013 Cluuiacensium‚
1165 1953 1241 2031 que
1254 1954 1370 2031 super
1383 1929 1457 2005 boc
1469 1957 1509 2005 se
1526 1929 1665 2009 babere
1680 1930 1726 2006 ab

303 2059 508 2164 apostolica
529 2057 618 2135 sede
647 2057 842 2146 dicebant,
868 2057 915 2137 ab
942 2056 1079 2135 eodem
1100 2056 1269 2161 predicto
1293 2057 1558 2163 predecessore
1579 2077 1725 2150 nostro,

150 2248 152 2255 ·
176 2282 179 2287 Ι
300 2190 452 2297 justicia
460 2189 642 2278 dictante,
657 2189 821 2281 maeatis,
837 2189 886 2269 ad
899 2186 1089 2304 exemplar
1101 2187 1219 2295 ipsius
1233 2204 1310 2266 tam
1321 2204 1359 2265 te
1370 2218 1483 2295 quam
1493 2219 1728 2268 successores

305 2348 348 2397 aa
357 2320 488 2397 fratres
502 2306 607 2409 tuos,
623 2346 691 2396 seu
705 2319 979 2398 monasterium
995 2317 1111 2395 sancti
1127 2319 1288 2405 Bertini,
1312 2318 1359 2396 ab
1374 2319 1595 2426 hujusmodi
1612 2320 1678 2397 lite
1690 2339 1729 2398 et

305 2451 612 2530 cluniacensium
626 2451 860 2560 subjectione
880 2450 1125 2540 absolvimus3
1143 2449 1324 2556 idemque
1344 2450 1547 2529 cenobium
1559 2451 1728 2529 libertati

305 2580 703 2687 proprierestitutum,
720 2581 821 2659 salvo
831 2581 919 2692 jure
938 2578 1191 2659 Taruauensis
1204 2578 1360 2676 ecclesie
1379 2580 1437 2658 vel
1459 2582 1641 2688 epiceopi,
1655 2584 1729 2661 sub

305 2712 424 2790 solius
448 2711 617 2788 Romane
648 2710 803 2789 ecclesie
829 2710 973 2790 ditione
996 2729 1109 2817 atque
1129 2697 1263 2789 tutela?
1274 2730 1460 2817 perpetuo
1484 2741 1639 2793 manere
1663 2714 1730 2791 de·-
1766 2780 1768 2785 ,

193 2914 198 2923 .
306 2842 518 2927 censimum
542 2856 748 2921 eumentes
767 2857 809 2919 ut
829 2870 1071 2947 quascunque
1093 2841 1364 2947 possessiones,
1385 2870 1611 2951 quecunque
1629 2843 1731 2921 bona

308 2974 411 3052 idem
429 2973 536 3050 locus
551 2971 591 3049 in
608 2972 883 3076 presentiarum
897 2972 998 3079 juste
1022 2989 1060 3049 et
1081 2973 1259 3051 canonica
1279 2973 1464 3079 possidet,
1485 2975 1610 3052 autin
1631 2974 1733 3053 lutu-

308 3132 393 3181 rum
414 3091 655 3182 concesaione
679 3103 922 3207 pontificum,
948 3102 1145 3210 largitione
1175 3131 1325 3212 regum,
1351 3103 1575 3184 liberalitate
1594 3106 1733 3212 princi-

306 3245 417 3341 pum,
430 3232 621 3312 oblatione
634 3233 825 3325 fidelium,
839 3233 1006 3315 tenaliis
1015 3235 1128 3342 justis
1142 3234 1285 3324 raedis,
1300 3237 1381 3314 Deo
1399 3236 1584 3341 propitio,
1596 3239 1736 3342 poterit
1884 3276 1888 3285 ·
1951 3216 1982 3247 “’

309 3364 482 3472 adipisci,
504 3366 613 3443 lirma
634 3365 706 3444 tibi
727 3365 878 3473 wicque
896 3365 1176 3447 successoribus
1195 3383 1234 3443 et
1253 3365 1395 3445 illibata
1414 3386 1669 3472 parmaneant.
1691 3370 1733 3444 ln

306 3496 449 3603 quibus
468 3495 539 3573 hec
559 3496 722 3603 propriis
741 3497 919 3575 munus
935 3495 1177 3601 exprimenda
1194 3494 1386 3573 vocabulis
1408 3528 1416 3572 :
1439 3497 1480 3573 ln
1501 3498 1733 3575 Tarnanensi

309 3627 529 3733 parrochia,
551 3627 745 3706 ecclesiam
769 3644 895 3705 sancte
923 3627 1148 3732 Margarete,
1171 3625 1365 3708 ecclesiam
1390 3628 1505 3705 sancti
1533 3629 1732 3719 lobannis,

307 3757 428 3834 macti
447 3756 617 3843 Martini,
633 3756 829 3835 ecclesiam
854 3757 902 3836 de
927 3754 1322 3865 llarbela,eocleaiam
1345 3757 1394 3835 de
1419 3759 1651 3849 Petemesse‚
1676 3788 1736 3836 ec·

141 3874 146 3883 ’
281 3916 286 3922 ·
313 3885 463 3963 alesiam
484 3885 797 3975 deTurbessem,
813 3887 916 3965 aient
933 3886 1141 3992 antiquitus
1160 3886 1207 3965 ab
1231 3889 1337 3966 omni
1363 3887 1564 3994 episcopali
1584 3889 1736 3967 redditu

100 4085 107 4102 ,
194 4005 199 4013 ’
313 4013 468 4102 liberam
486 4013 685 4093 ecclesiam
705 4014 754 4092 de
774 4015 949 4123 Broburg
968 4043 1054 4093 cum
1075 4015 1229 4121 capellis
1245 4017 1343 4107 suis,
1363 4018 1460 4095 duos
1480 4019 1596 4097 eciam
1617 4019 1737 4095 mani-

310 4142 426 4249 pulos
442 4143 589 4221 decime
611 4170 704 4220 nove
725 4160 825 4221 terre
845 4142 1063 4252 ubicunque
1087 4145 1286 4226 sonaverit
1305 4148 1344 4225 in
1365 4163 1446 4224 tota
1472 4147 1669 4252 parrochia
1690 4148 1738 4225 de

311 4258 498 4383 Brobaug,
509 4303 587 4382 que
603 4273 820 4355 extenditur
831 4276 1010 4383 usquead
1024 4277 1209 4357 terminos
1218 4278 1426 4357 vicinarum
1437 4279 1737 4384 parrochiarum

312 4403 512 4483 ecclesiam
523 4404 573 4481 de
584 4405 798 4487 Arkescum
816 4405 948 4485 eadam
963 4406 1068 4494 villa,
1084 4405 1279 4487 eeclesiam
1295 4407 1343 4489 de
1358 4409 1635 4517 Peperingbam
1651 4439 1738 4489 cum

312 4533 449 4612 eadem
469 4533 574 4624 villa,
594 4534 788 4615 eeclesiam
810 4534 1121 4628 cesenatem,
1142 4534 1336 4617 eeclesiam
1354 4537 1406 4616 de
1424 4539 1599 4629 Brusele,
1623 4541 1741 4619 eccle-

311 4665 409 4743 siam
426 4664 474 4742 de
494 4663 635 4756 Scalas,
654 4664 849 4745 ecelesiam
870 4665 919 4745 de⁴
931 4665 1209 4775 Boveringhem
1224 4694 1312 4747 atam
1331 4665 1429 4747 villis
1445 4697 1594 4759 eanum,
1611 4670 1737 4749 villam
1803 4710 1809 4719 ¹

313 4794 367 4873 de
385 4793 587 4883 dldealot'l
607 4814 646 4877 at
660 4796 712 4875 de
727 4796 975 4879 Quacum
993 4796 1042 4875 de
1056 4796 1253 4890 Rotam,
1272 4826 1365 4879 cum
1386 4816 1488 4880 tarra
1510 4828 1623 4905 quarn
1645 4802 1737 4877 emit

1475 4931 1526 4990 lto.
