4478 5842
334 459 383 533 st
683 452 1091 529 CHARTULARIUM
1122 448 1403 530 slrttlttltsu.

334 604 437 680 omni
458 621 628 708 tempore
650 628 728 678 osse
750 601 904 688 debeata
925 628 1000 676 una
1019 630 1104 676 cum
1120 602 1245 693 terris,
1268 601 1421 693 mansis,
1444 603 1552 694 casis,
1574 603 1755 694 aedificiis,

333 735 538 837 mancipiis,
558 732 732 809 acolabus
751 748 829 806 tam
850 730 1022 837 ingenuis
1040 760 1152 838 quam
1172 750 1210 808 et
1232 732 1496 822 servientibus,
1515 736 1669 840 campis,
1692 735 1757 812 sil-

332 869 396 959 vis,
419 867 548 972 pratis,
569 863 730 969 pascuis,
749 863 854 968 aquis
870 891 1095 969 aquarumve
1119 864 1353 956 decursibus,
1370 863 1563 957 farinariis,
1582 866 1754 973 peculiis,

332 996 523 1101 presidiis,
552 994 760 1071 mobilibus
787 1011 826 1069 et
848 992 1128 1082 immobilibus3
1158 995 1285 1071 omnia
1315 1011 1423 1072 etex
1451 997 1646 1089 omnibus,
1673 1025 1755 1074 rem

332 1125 611 1233 inexquisitam,
640 1123 821 1229 quicquid
847 1123 920 1202 dici
934 1124 993 1202 vel
1018 1126 1205 1203 nominari
1227 1140 1365 1231 potest,
1392 1127 1471 1204 baec
1497 1129 1602 1205 vohis
1623 1128 1682 1205 vel
1707 1130 1757 1204 ad

332 1287 425 1362 opus
444 1254 660 1335 monasterii
678 1254 820 1345 Sithiu,
842 1284 863 1330 a
883 1255 944 1331 die
963 1257 1139 1362 presenti,
1155 1257 1275 1347 dono,
1292 1256 1401 1335 trado
1412 1273 1522 1362 atque
1532 1257 1754 1351 transfundo

330 1385 597 1493 perpetualiter
612 1385 659 1460 ad
681 1385 965 1490 possidendum.
983 1387 1033 1462 Et
1044 1405 1131 1493 post
1148 1416 1277 1465 meum
1292 1387 1462 1479 obitum,
1482 1388 1562 1494 ipse
1581 1388 1646 1492 qui
1662 1405 1756 1469 amc
1853 1408 1858 1417 ’

330 1518 474 1594 abbatis
492 1516 670 1622 fungetur
684 1514 963 1606 moderamine,
983 1513 1042 1591 vel
1064 1515 1197 1592 iratres
1212 1515 1259 1592 de
1276 1518 1355 1622 jam
1380 1534 1502 1593 taxato
1526 1517 1754 1595 monasterio

329 1649 454 1725 Sithiu
470 1646 615 1722 ibidem
629 1645 886 1734 consistentes,
902 1643 1142 1750 complaceat,
1157 1643 1308 1750 qualem
1323 1647 1564 1750 praepositum
1577 1647 1626 1724 ad
1637 1648 1755 1752 ipsam

330 1778 463 1855 cellam
481 1775 708 1853 constituere
725 1772 931 1862 voluerint,
944 1789 1168 1878 potestatem
1184 1773 1224 1848 in
1237 1774 1415 1852 omnibus
1429 1776 1570 1852 habere
1586 1799 1756 1854 merean-

328 1927 402 1985 tur.
423 1910 471 1984 Et
485 1903 736 2010 supplicamus
752 1904 852 2008 ipsos
866 1902 998 1979 fratres
1015 1920 1053 1978 et
1066 1919 1230 1979 rectores
1245 1903 1361 2007 ipsius
1376 1907 1592 1982 monasterii
1609 1906 1752 1998 Sithiu,

329 2054 482 2144 propter
492 2038 615 2113 Deum
630 2052 667 2111 et
679 2035 894 2110 mercedem
908 2050 1074 2110 nostram
1095 2032 1332 2121 lucrandam,
1354 2051 1397 2108 ut
1417 2033 1494 2137 ipsa
1515 2034 1626 2126 cella,
1642 2053 1753 2141 quam

328 2169 472 2245 ibidem
487 2165 830 2253 transfirmavimus,
847 2163 894 2240 de
911 2164 1045 2254 missis,
1065 2162 1112 2238 de
1127 2192 1249 2254 curso,
1259 2163 1297 2238 id
1312 2176 1368 2239 est
1382 2161 1567 2268 psalmis¹,
1581 2165 1678 2241 etde
1693 2166 1754 2242 lu·

283 2312 297 2327 ‘
328 2296 496 2374 minariis
512 2325 638 2373 curam
652 2294 790 2371 habere
804 2293 996 2384 studeant,
1012 2310 1050 2370 et
1064 2291 1111 2369 de
1122 2292 1335 2398 hospitibus
1348 2310 1386 2370 et
1394 2293 1602 2399 peregrinis
1622 2296 1753 2372 carita-

327 2445 455 2503 temet
469 2425 685 2531 mercedem
699 2424 833 2501 exinde
843 2423 983 2501 babere
993 2422 1166 2501 debeant.
1178 2426 1344 2499 Tantum
1356 2423 1396 2498 in
1407 2451 1449 2499 ea
1458 2422 1615 2515 ratione,
1628 2452 1755 2530 quam-
1871 2492 1882 2523 ,

328 2559 394 2634 diu
422 2585 491 2665 ego
519 2558 558 2632 in
585 2558 658 2634 hoc
684 2554 837 2647 saeculo,
869 2554 1019 2633 Christo
1046 2553 1227 2659 propitio,
1243 2553 1440 2646 advivero,
1470 2555 1588 2660 ipsam
1619 2556 1753 2633 cellam

326 2686 518 2776 usualiter,
532 2716 601 2792 pro
612 2685 799 2763 beneficio
811 2686 929 2790 ipsius
943 2685 1161 2763 monasterii
1173 2747 1181 2776 ‚
1193 2684 1289 2760 mihi
1300 2683 1411 2760 liceat
1423 2685 1636 2789 possidere3
1653 2686 1693 2762 in
1710 2715 1753 2764 ea

214 2876 215 2880 ,
327 2847 414 2893 vero
428 2788 591 2907 iatione,
607 2833 650 2890 ut
668 2815 786 2890 aliubi
801 2843 870 2890 nec
883 2817 1001 2920 ipsam
1015 2815 1148 2891 cellam
1162 2843 1275 2920 quam
1285 2813 1333 2889 ad
1343 2814 1468 2919 ipsum
1480 2808 1752 2893 monasterium

329 2944 513 3048 delegavi,
540 2972 611 3019 nec
635 2944 731 3048 ipsas
749 2969 810 3019 res
830 2972 914 3049 quae
938 2944 986 3019 ad
1010 2943 1135 3048 ipsum
1155 2944 1283 3020 locum
1305 2944 1514 3049 pertinent,
1535 2943 1660 3022 aliubi
1683 2972 1754 3024 nec

328 3075 433 3162 dare,
464 3100 536 3148 nec
560 3072 739 3161 vendere,
768 3100 839 3148 nec
865 3090 1114 3162 commutare,
1143 3102 1212 3149 nec
1238 3071 1420 3162 alienare,
1441 3101 1512 3151 nec
1536 3073 1752 3183 nardragure

326 3219 548 3308 potestatem
570 3202 742 3279 habeam.
764 3204 812 3279 Et
831 3202 1084 3308 supplicamus
1103 3221 1146 3280 ut
1169 3230 1309 3279 nomen
1330 3231 1460 3280 meum
1483 3204 1523 3280 in
1549 3204 1646 3282 libro
1670 3207 1752 3283 vite

326 3335 396 3439 ipsi
410 3332 636 3421 sacerdotes,
654 3335 720 3438 qui
735 3333 775 3407 in
790 3334 872 3437 ipso
888 3335 1116 3410 monasterio
1129 3335 1288 3438 degunt,
1304 3333 1443 3410 habere
1461 3335 1680 3442 dignentur,
1696 3356 1752 3429 et,

325 3480 410 3568 post
424 3491 554 3539 meum
573 3461 722 3540 obitum
738 3478 851 3567 atque
866 3462 915 3536 de
935 3461 1005 3536 bac
1024 3461 1109 3538 luce
1131 3463 1353 3549 discessum,
1379 3465 1626 3570 suprascripta
1641 3465 1750 3557 cella,

326 3621 412 3668 cum
433 3593 537 3669 omni
555 3619 596 3669 re
617 3592 834 3668 emeliorata
854 3607 966 3695 atque
983 3593 1230 3696 supraposita,
1253 3621 1337 3697 pars
1355 3593 1513 3699 predicti
1534 3598 1752 3673 monasterii

325 3723 468 3812 Sithiu,
495 3721 553 3797 vel
576 3722 657 3826 ejus
678 3738 861 3807 rectores,
879 3747 900 3793 a
918 3719 979 3794 die
999 3721 1183 3825 presenti,
1209 3721 1350 3828 absque
1371 3722 1448 3800 ulla
1472 3741 1752 3853 expectatgau·

326 3854 467 3929 dientia
478 3850 536 3929 vel
547 3849 762 3939 traditione,
774 3850 847 3926 boc
860 3849 900 3925 in
917 3877 1049 3927 eorum
1058 3851 1146 3958 jure
1161 3869 1198 3929 et
1211 3853 1470 3931 dominatione
1488 3854 1535 3930 ad
1559 3855 1749 3965 integrum

324 3983 505 4086 recipiant
520 3980 569 4056 ad
582 3980 870 4086 possidendum,
889 3997 928 4057 et
946 3979 1082 4058 saciant
1102 3983 1235 4059 exinde
1256 3983 1437 4092 quicquid
1455 3981 1549 4060 utile
1571 3987 1751 4093 estquod

325 4120 517 4227 elegerint.
546 4117 585 4194 Si
613 4117 698 4223 quis
717 4145 821 4205 vero,
850 4116 956 4222 quod
980 4115 1154 4194 futurum
1182 4145 1260 4194 esse
1286 4144 1364 4194 non
1389 4116 1519 4211 cred03
1541 4117 1572 4193 si
1601 4137 1750 4223 egomet

324 4251 421 4353 ipse,
450 4267 515 4326 aut
539 4246 643 4323 ullus
662 4246 709 4323 de
729 4245 936 4329 heredibus
963 4265 1027 4322 aut
1051 4248 1328 4331 successoribus
1352 4248 1462 4337 meis,
1490 4275 1558 4323 seu
1579 4247 1749 4353 quelibet
1867 4326 1882 4357 4

325 4394 496 4454 extranea
510 4403 670 4482 persona
685 4374 813 4466 suerit,
832 4394 1056 4485 quocontra
1071 4379 1178 4499 banc⁴
1187 4378 1432 4454 donationem
1448 4377 1575 4454 venire
1589 4393 1749 4483 tempta·

323 4509 427 4597 verit,
445 4523 510 4583 aut
523 4534 606 4582 eam
619 4505 821 4613 infringere
835 4527 967 4586 conata
976 4507 1101 4600 fuerit,
1116 4509 1210 4586 iram
1221 4508 1292 4586 Dei
1306 4507 1578 4615 omnipotentis
1591 4534 1747 4585 summac

324 4637 526 4742 majestatis
556 4638 723 4715 incurrat
747 4656 784 4716 et
806 4639 996 4746 judicium
1021 4659 1059 4718 et
1089 4640 1288 4729 offensam,
1315 4659 1464 4718 etcum
1492 4640 1582 4745 ipsis
1597 4641 1747 4751 ‘sanctis

364 4812 372 4841 ¹
396 4814 499 4879 Voces,
519 4810 548 4871 id
563 4824 601 4872 est
609 4813 731 4892 psalmis,
747 4814 857 4895 scriptae
872 4826 941 4874 sunt
953 4835 1041 4896 super
1054 4813 1188 4882 decurso,
1205 4816 1236 4874 in
1251 4814 1373 4876 modum
1389 4815 1497 4894 glossae.
