4478 5842
641 498 766 571 PARS
792 494 966 570 PRIMA.
981 540 1031 552 —
1046 493 1297 584 FOLQUINI
1321 494 1414 567 LlB.
1441 495 1488 566 11.
1698 493 1765 563 151

987 798 1134 875 LXIV.

679 1002 844 1043 sufflante
867 1000 1014 1041 uncorum
1039 1001 1171 1041 lth'AClll
1196 1001 1233 1038 DE
1256 999 1447 1043 ttunttteua'r.

411 1199 555 1276 Eodem
583 1226 702 1287 anno,
732 1198 852 1273 isdem
879 1196 992 1273 abbas
1015 1194 1201 1271 Rodulfus
1228 1194 1425 1284 concessit,
1451 1223 1520 1300 per
1535 1191 1774 1300 prestariam,

355 1327 569 1417 Hucbaldo‚
592 1327 780 1404 monacho
801 1327 961 1404 coenobii
983 1327 1098 1403 sancti
1122 1324 1302 1415 Amandi,
1329 1324 1455 1401 villam
1478 1321 1697 1401 monasterii
1718 1321 1775 1399 s'ui

356 1438 499 1548 Sithiu,
519 1458 558 1532 in
573 1485 669 1563 pago
682 1456 979 1548 vermandense,
997 1473 1236 1563 nuncupante
1253 1455 1397 1532 Hildini
1414 1454 1589 1545 Curtem,
1609 1481 1694 1529 cum
1710 1450 1778 1527 vil-

357 1588 445 1665 lulis
466 1588 512 1663 ad
530 1588 688 1664 eandem
710 1587 996 1693 pe1tinentibus.
1020 1586 1138 1694 Cujus
1151 1586 1346 1693 praestariae
1365 1585 1449 1663 talis
1469 1602 1526 1662 est
1545 1600 1653 1661 carta.

1007 1877 1130 1953 LXV.

979 2076 1156 2138 eamearn&

415 2297 540 2376 «Cum
565 2323 757 2376 servorum
785 2296 858 2375 Dei
886 2295 1167 2377 necessitatibus
1187 2294 1349 2402 quilibet
1371 2296 1429 2372 vel
1465 2293 1778 2401 inpresentiarum
1814 2297 2008 2366 statutam.

359 2427 627 2533 competentia,
648 2443 762 2533 prout
788 2426 821 2503 ei
844 2426 1022 2533 possibile
1041 2425 1174 2516 fuerit,
1199 2424 1364 2503 subsidia
1384 2425 1547 2515 confert,
1569 2424 1627 2503 vel
1646 2451 1778 2503 eorum

359 2554 587 2661 profectibus
602 2554 797 2661 profutura
811 2555 851 2630 in
864 2572 1060 2661 posterum
1071 2583 1270 2660 procurare
1287 2554 1429 2647 studet,
1441 2555 1588 2661 justum
1607 2552 1777 2659 prolecto

359 2700 469 2789 atque
495 2685 725 2791 condignum
751 2684 913 2776 videtur,
943 2701 986 2762 ut
1009 2713 1093 2790 spes
1118 2685 1231 2791 hujus
1256 2684 1411 2790 quesite.
1429 2713 1449 2760 a
1468 2685 1550 2761 Deo
1576 2684 1775 2776 mercedis,

360 2814 451 2889 dum
466 2813 544 2923 ipse
556 2813 751 2905 advixerit,
766 2813 1027 2923 frequentibus
1039 2814 1194 2893 illorum
1204 2814 1379 2919 precibus
1392 2815 1604 2905 roboretur,
1621 2843 1682 2905 ac,
1693 2832 1777 2921 post

359 2943 508 3019 finitum
536 2944 568 3019 ei
590 2945 773 3049 presentis
796 2944 877 3020 vitre
905 2975 1077 3035 cursum,
1099 2972 1175 3052 quo
1196 2962 1339 3051 sperata
1357 2945 1549 3050 percipere
1570 2945 1776 3051 pervaleat,

360 3074 502 3151 eisdem
522 3074 857 3179 patrocinantibus,
884 3066 1091 3183 adjuretur.
1114 3077 1353 3183 Quapropter
1372 3104 1506 3154 omnes
1533 3104 1619 3166 nos,
1646 3075 1778 3154 fratres

360 3204 657 3314 congregationis
688 3204 905 3297 monasterii
936 3206 1053 3283 sancti
1076 3206 1177 3283 Petri
1203 3223 1241 3284 et
1264 3204 1364 3283 beati
1387 3204 1537 3283 Martini
1556 3205 1778 3286 confessoris

359 3333 514 3422 Christi,
540 3333 606 3410 ubi
634 3334 748 3412 etiam
772 3350 920 3413 sanctus
940 3336 1135 3426 Bertinus,
1161 3335 1385 3412 venerabilis
1408 3335 1549 3413 Christi
1575 3335 1775 3428 confessor,

360 3490 515 3570 corpore
535 3464 709 3570 quiescit,
731 3481 867 3543 notum
891 3465 1166 3543 essevolumus
1190 3463 1368 3542 omnihus
1387 3463 1678 3569 circumquaque
1699 3495 1778 3542 ma-

359 3592 555 3680 nentibus,
578 3590 739 3698 qualiter
759 3593 917 3670 dilectus
941 3594 1127 3672 confrater
1146 3609 1274 3670 noster
1298 3590 1532 3682 Hucbaldus,
1556 3621 1600 3667 ex
1617 3594 1776 3673 cenobio

359 3719 448 3799 almi
465 3721 655 3829 pontilicis
673 3721 813 3801 Christi
828 3723 988 3803 Amandi
1005 3722 1244 3815 confessoris,
1260 3723 1308 3800 ad
1323 3720 1573 3803 erudiendum
1593 3723 1775 3803 domnum

360 3848 533 3933 abbatem
557 3850 785 3941 Rodulfum,
813 3853 1001 3933 seniorem
1025 3871 1213 3943 nostrum,
1230 3855 1461 3935 concedente
1476 3883 1518 3931 ac
1537 3855 1776 3960 praecipiente

253 4002 260 4019 ·
360 3977 560 4070 Gauslino,
582 3980 751 4087 ejusdem
772 3978 845 4056 loci
861 3979 1010 4072 abbate,
1032 3982 1284 4088 omnibusque
1305 3983 1408 4060 illins
1429 4000 1561 4060 sanctae
1577 4013 1778 4094 congrega-

359 4107 473 4182 tionis
486 4107 664 4184 fratribus
677 4108 1020 4207 consentientibus,
1030 4110 1253 4199 destinatus,
1267 4110 1450 4217 petierita
1466 4112 1618 4219 praesato
1633 4116 1776 4196 domno

359 4233 539 4325 Rodullo,
555 4236 733 4342 quasdam
748 4266 824 4329 res,
840 4257 994 4349 propter
1005 4239 1222 4347 temporalis
1234 4238 1406 4321 solatiam
1421 4243 1667 4344 necessitatis,
1683 4247 1777 4325 dum

359 4369 440 4474 ejus
459 4366 659 4447 adhereret
680 4366 803 4462 lateri,
828 4372 875 4449 ah
896 4370 963 4450 illo
988 4400 1181 4473 concessas
1199 4371 1288 4463 sibi,
1310 4372 1448 4450 nostris
1469 4375 1681 4480 specialiter
1700 4381 1778 4457 usi-

357 4476 430 4574 bus
447 4496 610 4606 delegari
630 4515 742 4606 atque
762 4500 950 4579 contradi:
971 4501 1044 4579 hoc
1060 4517 1136 4593 est,
1158 4501 1198 4576 in
1218 4529 1313 4609 pago
1328 4501 1631 4598 Vermandense,
1648 4506 1776 4586 villam

402 4698 408 4725 ¹
431 4698 581 4773 Quasdam
607 4701 741 4786 ejusdem
760 4702 946 4765 instrumenti
960 4702 1107 4766 clausulas
1125 4702 1225 4765 retulit
1245 4703 1353 4765 ldabill.
1375 4704 1477 4768 Amat
1495 4707 1595 4769 Beaed.
1625 4720 1696 4771 tom.
1721 4711 1777 4782 lll,

358 4820 422 4882 pag.
443 4803 513 4864 280.

1519 4932 1563 4991 17.
