<?xml version="1.0" encoding="UTF-8"?>
<!DOCTYPE html PUBLIC "-//W3C//DTD XHTML 1.0 Transitional//EN"
    "http://www.w3.org/TR/xhtml1/DTD/xhtml1-transitional.dtd">
<html xmlns="http://www.w3.org/1999/xhtml" xml:lang="en" lang="en">
 <head>
  <title>
</title>
<meta http-equiv="Content-Type" content="text/html;charset=utf-8" />
  <meta name='ocr-system' content='tesseract 3.04.00' />
  <meta name='ocr-capabilities' content='ocr_page ocr_carea ocr_par ocr_line ocrx_word'/>
</head>
<body>
  <div class='ocr_page' id='page_1' title='image "./cartulairedelab00frangoog_0205.png"; bbox 0 0 4478 5842; ppageno 0'>
   <div class='ocr_carea' id='block_1_1' title="bbox 327 468 1395 547">
    <p class='ocr_par' dir='ltr' id='par_1_1' title="bbox 327 468 1395 547">
     <span class='ocr_line' id='line_1_1' title="bbox 327 468 1395 547; baseline 0.001 -1"><span class='ocrx_word' id='word_1_1' title='bbox 327 469 376 546; x_wconf 63' lang='lat'><strong>9&amp;</strong></span> <span class='ocrx_word' id='word_1_2' title='bbox 677 468 1087 547; x_wconf 81' lang='lat' dir='ltr'>CHARTULARIUM</span> <span class='ocrx_word' id='word_1_3' title='bbox 1113 470 1395 547; x_wconf 78' lang='lat' dir='ltr'><strong>Sl&#39;l&#39;lllENSll.</strong></span> 
     </span>
    </p>
   </div>
   <div class='ocr_carea' id='block_1_2' title="bbox 319 612 1764 1373">
    <p class='ocr_par' dir='ltr' id='par_1_2' title="bbox 319 612 1764 1373">
     <span class='ocr_line' id='line_1_2' title="bbox 324 612 1745 725; baseline 0.004 -34"><span class='ocrx_word' id='word_1_4' title='bbox 324 613 464 693; x_wconf 89' lang='lat' dir='ltr'><strong>Iccirco</strong></span> <span class='ocrx_word' id='word_1_5' title='bbox 478 613 617 693; x_wconf 84' lang='lat' dir='ltr'><strong>dilecto</strong></span> <span class='ocrx_word' id='word_1_6' title='bbox 632 612 672 691; x_wconf 92' lang='lat' dir='ltr'><strong>in</strong></span> <span class='ocrx_word' id='word_1_7' title='bbox 685 614 864 703; x_wconf 87' lang='lat' dir='ltr'><strong>Domino,</strong></span> <span class='ocrx_word' id='word_1_8' title='bbox 886 612 967 692; x_wconf 84' lang='lat' dir='ltr'><strong>lilio</strong></span> <span class='ocrx_word' id='word_1_9' title='bbox 983 614 1147 692; x_wconf 78' lang='lat' dir='ltr'><strong>ecclesie</strong></span> <span class='ocrx_word' id='word_1_10' title='bbox 1162 632 1310 704; x_wconf 78' lang='lat' dir='ltr'><strong>nosue,</strong></span> <span class='ocrx_word' id='word_1_11' title='bbox 1329 614 1511 704; x_wconf 87' lang='lat' dir='ltr'><strong>Odwino,</strong></span> <span class='ocrx_word' id='word_1_12' title='bbox 1528 642 1599 725; x_wconf 83' lang='lat' dir='ltr'><strong>ego</strong></span> <span class='ocrx_word' id='word_1_13' title='bbox 1614 619 1655 694; x_wconf 88' lang='lat' dir='ltr'><strong>iu</strong></span> <span class='ocrx_word' id='word_1_14' title='bbox 1673 618 1745 698; x_wconf 88' lang='lat' dir='ltr'><strong>Dei</strong></span> 
     </span>
     <span class='ocr_line' id='line_1_3' title="bbox 325 743 1745 835; baseline 0.003 -14"><span class='ocrx_word' id='word_1_15' title='bbox 325 745 481 823; x_wconf 90' lang='lat' dir='ltr'><strong>nomine</strong></span> <span class='ocrx_word' id='word_1_16' title='bbox 504 743 729 835; x_wconf 82' lang='lat' dir='ltr'><strong>Adalardus,</strong></span> <span class='ocrx_word' id='word_1_17' title='bbox 747 744 862 824; x_wconf 88' lang='lat' dir='ltr'><strong>abbas</strong></span> <span class='ocrx_word' id='word_1_18' title='bbox 881 744 1097 823; x_wconf 88' lang='lat' dir='ltr'><strong>monasterii</strong></span> <span class='ocrx_word' id='word_1_19' title='bbox 1119 744 1260 835; x_wconf 89' lang='lat' dir='ltr'><strong>Sithiu,</strong></span> <span class='ocrx_word' id='word_1_20' title='bbox 1284 772 1370 822; x_wconf 89' lang='lat' dir='ltr'><strong>curn</strong></span> <span class='ocrx_word' id='word_1_21' title='bbox 1389 772 1573 824; x_wconf 78' lang='lat' dir='ltr'><strong>consensu</strong></span> <span class='ocrx_word' id='word_1_22' title='bbox 1589 744 1745 826; x_wconf 64' lang='lat' dir='ltr'><strong>itanum</strong></span> 
     </span>
     <span class='ocr_line' id='line_1_4' title="bbox 323 875 1746 984; baseline 0.002 -31"><span class='ocrx_word' id='word_1_23' title='bbox 323 893 552 969; x_wconf 85' lang='lat' dir='ltr'><strong>nostrorum,</strong></span> <span class='ocrx_word' id='word_1_24' title='bbox 568 892 765 984; x_wconf 75' lang='lat' dir='ltr'><strong>prestatur.</strong></span> <span class='ocrx_word' id='word_1_25' title='bbox 783 875 993 955; x_wconf 86' lang='lat' dir='ltr'><strong>Multorum</strong></span> <span class='ocrx_word' id='word_1_26' title='bbox 1014 876 1147 954; x_wconf 89' lang='lat' dir='ltr'><strong>notitia</strong></span> <span class='ocrx_word' id='word_1_27' title='bbox 1160 893 1272 983; x_wconf 84' lang='lat' dir='ltr'><strong>patet,</strong></span> <span class='ocrx_word' id='word_1_28' title='bbox 1289 876 1376 983; x_wconf 89' lang='lat' dir='ltr'><strong>quia</strong></span> <span class='ocrx_word' id='word_1_29' title='bbox 1391 903 1513 984; x_wconf 84' lang='lat' dir='ltr'>nuper</span> <span class='ocrx_word' id='word_1_30' title='bbox 1527 877 1746 983; x_wconf 78' lang='lat' dir='ltr'><strong>portiuncu-</strong></span> 
     </span>
     <span class='ocr_line' id='line_1_5' title="bbox 322 1004 1744 1115; baseline 0.004 -34"><span class='ocrx_word' id='word_1_31' title='bbox 322 1004 398 1083; x_wconf 90' lang='lat' dir='ltr'><strong>lam</strong></span> <span class='ocrx_word' id='word_1_32' title='bbox 417 1025 522 1084; x_wconf 87' lang='lat' dir='ltr'><strong>tuam</strong></span> <span class='ocrx_word' id='word_1_33' title='bbox 541 1007 582 1085; x_wconf 91' lang='lat' dir='ltr'><strong>iu</strong></span> <span class='ocrx_word' id='word_1_34' title='bbox 600 1034 697 1115; x_wconf 84' lang='lat' dir='ltr'><strong>pago</strong></span> <span class='ocrx_word' id='word_1_35' title='bbox 714 1008 949 1096; x_wconf 89' lang='lat' dir='ltr'><strong>Bouonensi,</strong></span> <span class='ocrx_word' id='word_1_36' title='bbox 970 1007 1010 1084; x_wconf 92' lang='lat' dir='ltr'><strong>in</strong></span> <span class='ocrx_word' id='word_1_37' title='bbox 1032 1007 1116 1085; x_wconf 91' lang='lat' dir='ltr'><strong>loco</strong></span> <span class='ocrx_word' id='word_1_38' title='bbox 1135 1024 1375 1114; x_wconf 69' lang='lat' dir='ltr'><strong>nuncupante</strong></span> <span class='ocrx_word' id='word_1_39' title='bbox 1394 1008 1579 1115; x_wconf 84' lang='lat' dir='ltr'><strong>Migbem,</strong></span> <span class='ocrx_word' id='word_1_40' title='bbox 1602 1007 1744 1087; x_wconf 88' lang='lat' dir='ltr'><strong>scilicet</strong></span> 
     </span>
     <span class='ocr_line' id='line_1_6' title="bbox 319 1134 1742 1247; baseline 0.002 -34"><span class='ocrx_word' id='word_1_41' title='bbox 319 1136 477 1224; x_wconf 85' lang='lat' dir='ltr'><strong>bunaria</strong></span> <span class='ocrx_word' id='word_1_42' title='bbox 496 1162 554 1227; x_wconf 86' lang='lat' dir='ltr'><strong>ru,</strong></span> <span class='ocrx_word' id='word_1_43' title='bbox 576 1135 625 1213; x_wconf 86' lang='lat' dir='ltr'><strong>ad</strong></span> <span class='ocrx_word' id='word_1_44' title='bbox 643 1135 814 1242; x_wconf 85' lang='lat' dir='ltr'><strong>precium</strong></span> <span class='ocrx_word' id='word_1_45' title='bbox 834 1136 963 1247; x_wconf 74' lang='lat' dir='ltr'><strong>valens</strong></span> <span class='ocrx_word' id='word_1_46' title='bbox 984 1135 1098 1213; x_wconf 82' lang='lat' dir='ltr'><strong>libras</strong></span> <span class='ocrx_word' id='word_1_47' title='bbox 1118 1162 1189 1226; x_wconf 87' lang='lat' dir='ltr'><strong>uu,</strong></span> <span class='ocrx_word' id='word_1_48' title='bbox 1213 1134 1324 1214; x_wconf 89' lang='lat' dir='ltr'><strong>nobis</strong></span> <span class='ocrx_word' id='word_1_49' title='bbox 1342 1136 1401 1214; x_wconf 79' lang='lat' dir='ltr'><strong>vel</strong></span> <span class='ocrx_word' id='word_1_50' title='bbox 1421 1138 1470 1214; x_wconf 92' lang='lat' dir='ltr'><strong>ad</strong></span> <span class='ocrx_word' id='word_1_51' title='bbox 1488 1138 1742 1245; x_wconf 78' lang='lat' dir='ltr'><strong>prescriptum</strong></span> 
     </span>
     <span class='ocr_line' id='line_1_7' title="bbox 319 1264 1764 1373; baseline 0.003 -31"><span class='ocrx_word' id='word_1_52' title='bbox 319 1265 589 1345; x_wconf 75' lang='lat' dir='ltr'><strong>monasterinm</strong></span> <span class='ocrx_word' id='word_1_53' title='bbox 604 1264 799 1372; x_wconf 75' lang='lat' dir='ltr'><strong>delegasti,</strong></span> <span class='ocrx_word' id='word_1_54' title='bbox 816 1283 993 1373; x_wconf 85' lang='lat' dir='ltr'><strong>expetens</strong></span> <span class='ocrx_word' id='word_1_55' title='bbox 1006 1284 1051 1344; x_wconf 93' lang='lat' dir='ltr'><strong>ut</strong></span> <span class='ocrx_word' id='word_1_56' title='bbox 1061 1284 1112 1356; x_wconf 90' lang='lat' dir='ltr'><strong>te,</strong></span> <span class='ocrx_word' id='word_1_57' title='bbox 1127 1294 1213 1344; x_wconf 91' lang='lat' dir='ltr'><strong>curn</strong></span> <span class='ocrx_word' id='word_1_58' title='bbox 1228 1293 1343 1345; x_wconf 82' lang='lat' dir='ltr'><strong>uxore</strong></span> <span class='ocrx_word' id='word_1_59' title='bbox 1355 1295 1398 1344; x_wconf 83' lang='lat' dir='ltr'><strong>ac</strong></span> <span class='ocrx_word' id='word_1_60' title='bbox 1410 1267 1551 1358; x_wconf 87' lang='lat' dir='ltr'><strong>liberis,</strong></span> <span class='ocrx_word' id='word_1_61' title='bbox 1565 1295 1642 1345; x_wconf 80' lang='lat' dir='ltr'><strong>nna</strong></span> <span class='ocrx_word' id='word_1_62' title='bbox 1654 1296 1742 1347; x_wconf 88' lang='lat' dir='ltr'><strong>cum</strong></span> <span class='ocrx_word' id='word_1_63' title='bbox 1761 1293 1764 1300; x_wconf 87' lang='lat'>·</span> 
     </span>
    </p>
   </div>
   <div class='ocr_carea' id='block_1_3' title="bbox 317 1394 1879 1503">
    <p class='ocr_par' dir='ltr' id='par_1_3' title="bbox 317 1394 1879 1503">
     <span class='ocr_line' id='line_1_8' title="bbox 317 1394 1879 1503; baseline 0.003 -32"><span class='ocrx_word' id='word_1_64' title='bbox 317 1394 506 1474; x_wconf 84' lang='lat' dir='ltr'><strong>beneficio</strong></span> <span class='ocrx_word' id='word_1_65' title='bbox 523 1412 594 1473; x_wconf 88' lang='lat' dir='ltr'><strong>tuo</strong></span> <span class='ocrx_word' id='word_1_66' title='bbox 609 1395 650 1471; x_wconf 92' lang='lat' dir='ltr'><strong>in</strong></span> <span class='ocrx_word' id='word_1_67' title='bbox 670 1395 892 1486; x_wconf 66' lang='lat' dir='ltr'><strong>cafitmere,</strong></span> <span class='ocrx_word' id='word_1_68' title='bbox 914 1396 955 1472; x_wconf 92' lang='lat' dir='ltr'><strong>id</strong></span> <span class='ocrx_word' id='word_1_69' title='bbox 973 1413 1062 1472; x_wconf 88' lang='lat' dir='ltr'><strong>sunt</strong></span> <span class='ocrx_word' id='word_1_70' title='bbox 1079 1395 1321 1474; x_wconf 81' lang='lat' dir='ltr'><strong>bunarium</strong></span> <span class='ocrx_word' id='word_1_71' title='bbox 1335 1425 1377 1473; x_wconf 90' lang='lat' dir='ltr'><strong>ac</strong></span> <span class='ocrx_word' id='word_1_72' title='bbox 1397 1398 1583 1503; x_wconf 87' lang='lat' dir='ltr'><strong>mancipia</strong></span> <span class='ocrx_word' id='word_1_73' title='bbox 1596 1420 1664 1489; x_wconf 85' lang='lat' dir='ltr'><strong>rut,</strong></span> <span class='ocrx_word' id='word_1_74' title='bbox 1682 1396 1742 1475; x_wconf 79' lang='lat' dir='ltr'><strong>lrir</strong></span> <span class='ocrx_word' id='word_1_75' title='bbox 1871 1466 1879 1483; x_wconf 87' lang='grc'><strong>,</strong></span> 
     </span>
    </p>
   </div>
   <div class='ocr_carea' id='block_1_4' title="bbox 223 1522 1864 3709">
    <p class='ocr_par' dir='ltr' id='par_1_4' title="bbox 275 1522 1864 3449">
     <span class='ocr_line' id='line_1_9' title="bbox 318 1522 1739 1636; baseline 0.003 -36"><span class='ocrx_word' id='word_1_76' title='bbox 318 1524 567 1602; x_wconf 86' lang='lat' dir='ltr'><strong>nominibus:</strong></span> <span class='ocrx_word' id='word_1_77' title='bbox 597 1523 886 1614; x_wconf 83' lang='lat' dir='ltr'><strong>Ostorbaldum,</strong></span> <span class='ocrx_word' id='word_1_78' title='bbox 922 1522 1204 1631; x_wconf 87' lang='lat' dir='ltr'><strong>Gernhardum‚</strong></span> <span class='ocrx_word' id='word_1_79' title='bbox 1241 1524 1512 1616; x_wconf 88' lang='lat' dir='ltr'><strong>Herehaldum,</strong></span> <span class='ocrx_word' id='word_1_80' title='bbox 1544 1526 1739 1636; x_wconf 69' lang='lat' dir='ltr'><strong>lindburg,</strong></span> 
     </span>
     <span class='ocr_line' id='line_1_10' title="bbox 318 1651 1740 1764; baseline 0.002 -34"><span class='ocrx_word' id='word_1_81' title='bbox 318 1653 505 1760; x_wconf 85' lang='lat' dir='ltr'><strong>Sigberta,</strong></span> <span class='ocrx_word' id='word_1_82' title='bbox 533 1652 739 1742; x_wconf 85' lang='lat' dir='ltr'><strong>Thiobert,</strong></span> <span class='ocrx_word' id='word_1_83' title='bbox 768 1651 1011 1759; x_wconf 73' lang='lat' dir='ltr'><strong>Strilleburg‚</strong></span> <span class='ocrx_word' id='word_1_84' title='bbox 1037 1651 1213 1742; x_wconf 83' lang='lat' dir='ltr'><strong>Willeu,</strong></span> <span class='ocrx_word' id='word_1_85' title='bbox 1240 1651 1434 1744; x_wconf 90' lang='lat' dir='ltr'><strong>Lolithan‚</strong></span> <span class='ocrx_word' id='word_1_86' title='bbox 1453 1655 1740 1764; x_wconf 37' lang='lat' dir='ltr'><strong>,liodburgm</strong></span> 
     </span>
     <span class='ocr_line' id='line_1_11' title="bbox 316 1780 1739 1878; baseline 0.002 -17"><span class='ocrx_word' id='word_1_87' title='bbox 316 1782 593 1872; x_wconf 75' lang='lat' dir='ltr'><strong>winetbertan,</strong></span> <span class='ocrx_word' id='word_1_88' title='bbox 608 1780 847 1873; x_wconf 80' lang='lat' dir='ltr'><strong>Adalbertan,</strong></span> <span class='ocrx_word' id='word_1_89' title='bbox 864 1783 912 1860; x_wconf 85' lang='lat' dir='ltr'><strong>ad</strong></span> <span class='ocrx_word' id='word_1_90' title='bbox 927 1780 1137 1861; x_wconf 84' lang='lat' dir='ltr'><strong>custodiam</strong></span> <span class='ocrx_word' id='word_1_91' title='bbox 1150 1782 1267 1861; x_wconf 68' lang='lat' dir='ltr'><strong>sanai</strong></span> <span class='ocrx_word' id='word_1_92' title='bbox 1280 1783 1382 1861; x_wconf 90' lang='lat' dir='ltr'><strong>Petri</strong></span> <span class='ocrx_word' id='word_1_93' title='bbox 1396 1801 1435 1861; x_wconf 84' lang='lat' dir='ltr'><strong>et</strong></span> <span class='ocrx_word' id='word_1_94' title='bbox 1445 1784 1560 1862; x_wconf 88' lang='lat' dir='ltr'><strong>sancti</strong></span> <span class='ocrx_word' id='word_1_95' title='bbox 1577 1785 1739 1878; x_wconf 74' lang='lat' dir='ltr'><strong>bertini,</strong></span> 
     </span>
     <span class='ocr_line' id='line_1_12' title="bbox 275 1911 1740 2022; baseline 0.003 -34"><span class='ocrx_word' id='word_1_96' title='bbox 275 2003 282 2010; x_wconf 84' lang='lat'><strong>.</strong></span> <span class='ocrx_word' id='word_1_97' title='bbox 317 1911 603 2020; x_wconf 81' lang='lat' dir='ltr'><strong>specialiterque</strong></span> <span class='ocrx_word' id='word_1_98' title='bbox 620 1913 669 1991; x_wconf 90' lang='lat' dir='ltr'><strong>ad</strong></span> <span class='ocrx_word' id='word_1_99' title='bbox 689 1912 820 2002; x_wconf 77' lang='lat' dir='ltr'><strong>altare,</strong></span> <span class='ocrx_word' id='word_1_100' title='bbox 843 1941 968 1992; x_wconf 90' lang='lat' dir='ltr'><strong>coram</strong></span> <span class='ocrx_word' id='word_1_101' title='bbox 990 1942 1069 2021; x_wconf 83' lang='lat' dir='ltr'><strong>quo</strong></span> <span class='ocrx_word' id='word_1_102' title='bbox 1082 1942 1219 2022; x_wconf 88' lang='lat' dir='ltr'><strong>corpus</strong></span> <span class='ocrx_word' id='word_1_103' title='bbox 1232 1914 1413 2022; x_wconf 84' lang='lat' dir='ltr'><strong>genitoris</strong></span> <span class='ocrx_word' id='word_1_104' title='bbox 1431 1914 1550 1993; x_wconf 85' lang='lat' dir='ltr'><strong>nostri</strong></span> <span class='ocrx_word' id='word_1_105' title='bbox 1572 1915 1740 1993; x_wconf 81' lang='lat' dir='ltr'><strong>llnnroci</strong></span> 
     </span>
     <span class='ocr_line' id='line_1_13' title="bbox 316 2042 1737 2149; baseline 0.004 -33"><span class='ocrx_word' id='word_1_106' title='bbox 316 2043 530 2148; x_wconf 87' lang='lat' dir='ltr'><strong>requiescit,</strong></span> <span class='ocrx_word' id='word_1_107' title='bbox 552 2044 622 2120; x_wconf 90' lang='lat' dir='ltr'><strong>sub</strong></span> <span class='ocrx_word' id='word_1_108' title='bbox 636 2070 749 2120; x_wconf 89' lang='lat' dir='ltr'><strong>censu</strong></span> <span class='ocrx_word' id='word_1_109' title='bbox 768 2042 970 2120; x_wconf 89' lang='lat' dir='ltr'><strong>luminario</strong></span> <span class='ocrx_word' id='word_1_110' title='bbox 991 2043 1186 2119; x_wconf 89' lang='lat' dir='ltr'><strong>annuatim</strong></span> <span class='ocrx_word' id='word_1_111' title='bbox 1206 2059 1373 2120; x_wconf 88' lang='lat' dir='ltr'><strong>nostram</strong></span> <span class='ocrx_word' id='word_1_112' title='bbox 1393 2043 1548 2149; x_wconf 87' lang='lat' dir='ltr'><strong>ejusque</strong></span> <span class='ocrx_word' id='word_1_113' title='bbox 1564 2044 1737 2121; x_wconf 85' lang='lat' dir='ltr'><strong>elemosi-</strong></span> 
     </span>
     <span class='ocr_line' id='line_1_14' title="bbox 317 2171 1738 2279; baseline 0.003 -32"><span class='ocrx_word' id='word_1_114' title='bbox 317 2199 405 2247; x_wconf 90' lang='lat' dir='ltr'><strong>uam</strong></span> <span class='ocrx_word' id='word_1_115' title='bbox 429 2171 645 2264; x_wconf 87' lang='lat' dir='ltr'><strong>reddendo,</strong></span> <span class='ocrx_word' id='word_1_116' title='bbox 666 2171 989 2250; x_wconf 83' lang='lat' dir='ltr'><strong>confirmaremus.</strong></span> <span class='ocrx_word' id='word_1_117' title='bbox 1011 2174 1118 2250; x_wconf 82' lang='lat' dir='ltr'><strong>Juxta</strong></span> <span class='ocrx_word' id='word_1_118' title='bbox 1136 2171 1265 2277; x_wconf 91' lang='lat' dir='ltr'><strong>itaque</strong></span> <span class='ocrx_word' id='word_1_119' title='bbox 1286 2171 1511 2279; x_wconf 87' lang='lat' dir='ltr'><strong>petitionem</strong></span> <span class='ocrx_word' id='word_1_120' title='bbox 1530 2189 1653 2264; x_wconf 89' lang='lat' dir='ltr'><strong>tuam,</strong></span> <span class='ocrx_word' id='word_1_121' title='bbox 1677 2201 1738 2253; x_wconf 90' lang='lat' dir='ltr'><strong>res</strong></span> 
     </span>
     <span class='ocr_line' id='line_1_15' title="bbox 314 2299 1738 2411; baseline 0.004 -36"><span class='ocrx_word' id='word_1_122' title='bbox 314 2317 490 2409; x_wconf 87' lang='lat' dir='ltr'><strong>utrasque</strong></span> <span class='ocrx_word' id='word_1_123' title='bbox 506 2301 767 2392; x_wconf 88' lang='lat' dir='ltr'><strong>concedimus,</strong></span> <span class='ocrx_word' id='word_1_124' title='bbox 783 2318 863 2376; x_wconf 93' lang='lat' dir='ltr'><strong>tam</strong></span> <span class='ocrx_word' id='word_1_125' title='bbox 878 2299 948 2377; x_wconf 91' lang='lat' dir='ltr'><strong>tibi</strong></span> <span class='ocrx_word' id='word_1_126' title='bbox 969 2330 1084 2411; x_wconf 84' lang='lat' dir='ltr'><strong>quam</strong></span> <span class='ocrx_word' id='word_1_127' title='bbox 1103 2300 1209 2379; x_wconf 83' lang='lat' dir='ltr'><strong>uxori</strong></span> <span class='ocrx_word' id='word_1_128' title='bbox 1224 2316 1297 2376; x_wconf 85' lang='lat' dir='ltr'><strong>tuae</strong></span> <span class='ocrx_word' id='word_1_129' title='bbox 1313 2316 1351 2376; x_wconf 87' lang='lat' dir='ltr'><strong>et</strong></span> <span class='ocrx_word' id='word_1_130' title='bbox 1369 2299 1459 2377; x_wconf 87' lang='lat' dir='ltr'><strong>filiis</strong></span> <span class='ocrx_word' id='word_1_131' title='bbox 1471 2301 1563 2392; x_wconf 87' lang='lat' dir='ltr'><strong>tuis,</strong></span> <span class='ocrx_word' id='word_1_132' title='bbox 1581 2301 1650 2379; x_wconf 90' lang='lat' dir='ltr'><strong>sub</strong></span> <span class='ocrx_word' id='word_1_133' title='bbox 1665 2302 1738 2380; x_wconf 90' lang='lat' dir='ltr'><strong>hoc</strong></span> 
     </span>
     <span class='ocr_line' id='line_1_16' title="bbox 315 2408 1735 2539; baseline 0.001 -33"><span class='ocrx_word' id='word_1_134' title='bbox 315 2458 430 2509; x_wconf 91' lang='lat' dir='ltr'><strong>censu</strong></span> <span class='ocrx_word' id='word_1_135' title='bbox 450 2408 711 2539; x_wconf 81' lang='lat' dir='ltr'><strong>possidendas,</strong></span> <span class='ocrx_word' id='word_1_136' title='bbox 729 2449 772 2508; x_wconf 92' lang='lat' dir='ltr'><strong>ut</strong></span> <span class='ocrx_word' id='word_1_137' title='bbox 793 2431 834 2507; x_wconf 92' lang='lat' dir='ltr'><strong>in</strong></span> <span class='ocrx_word' id='word_1_138' title='bbox 854 2428 1050 2509; x_wconf 78' lang='lat' dir='ltr'><strong>festivitate</strong></span> <span class='ocrx_word' id='word_1_139' title='bbox 1067 2430 1183 2507; x_wconf 88' lang='lat' dir='ltr'><strong>sancti</strong></span> <span class='ocrx_word' id='word_1_140' title='bbox 1201 2429 1362 2522; x_wconf 87' lang='lat' dir='ltr'><strong>Bertini,</strong></span> <span class='ocrx_word' id='word_1_141' title='bbox 1383 2430 1495 2508; x_wconf 90' lang='lat' dir='ltr'><strong>nonis</strong></span> <span class='ocrx_word' id='word_1_142' title='bbox 1514 2430 1735 2537; x_wconf 75' lang='lat' dir='ltr'><strong>septembr,</strong></span> 
     </span>
     <span class='ocr_line' id='line_1_17' title="bbox 315 2544 1864 2668; baseline 0.001 -31"><span class='ocrx_word' id='word_1_143' title='bbox 315 2561 363 2638; x_wconf 89' lang='lat' dir='ltr'><strong>de</strong></span> <span class='ocrx_word' id='word_1_144' title='bbox 387 2589 474 2641; x_wconf 89' lang='lat' dir='ltr'><strong>cera</strong></span> <span class='ocrx_word' id='word_1_145' title='bbox 493 2560 639 2641; x_wconf 89' lang='lat' dir='ltr'><strong>valente</strong></span> <span class='ocrx_word' id='word_1_146' title='bbox 667 2560 810 2641; x_wconf 91' lang='lat' dir='ltr'><strong>solidos</strong></span> <span class='ocrx_word' id='word_1_147' title='bbox 835 2586 858 2640; x_wconf 83' lang='lat' dir='ltr'><strong>v</strong></span> <span class='ocrx_word' id='word_1_148' title='bbox 883 2578 922 2639; x_wconf 91' lang='lat' dir='ltr'><strong>ct</strong></span> <span class='ocrx_word' id='word_1_149' title='bbox 948 2560 1152 2641; x_wconf 84' lang='lat' dir='ltr'><strong>dimidium</strong></span> <span class='ocrx_word' id='word_1_150' title='bbox 1173 2559 1409 2667; x_wconf 81' lang='lat' dir='ltr'><strong>persolvatis,</strong></span> <span class='ocrx_word' id='word_1_151' title='bbox 1432 2573 1512 2639; x_wconf 87' lang='lat' dir='ltr'><strong>tam</strong></span> <span class='ocrx_word' id='word_1_152' title='bbox 1532 2587 1601 2668; x_wconf 89' lang='lat' dir='ltr'><strong>pro</strong></span> <span class='ocrx_word' id='word_1_153' title='bbox 1624 2558 1737 2639; x_wconf 88' lang='lat' dir='ltr'><strong>rebus</strong></span> <span class='ocrx_word' id='word_1_154' title='bbox 1852 2544 1864 2565; x_wconf 54' lang='lat'><strong>²</strong></span> 
     </span>
     <span class='ocr_line' id='line_1_18' title="bbox 312 2687 1737 2799; baseline 0.001 -31"><span class='ocrx_word' id='word_1_155' title='bbox 312 2690 534 2799; x_wconf 87' lang='lat' dir='ltr'><strong>praescriptis</strong></span> <span class='ocrx_word' id='word_1_156' title='bbox 561 2720 673 2798; x_wconf 90' lang='lat' dir='ltr'><strong>quam</strong></span> <span class='ocrx_word' id='word_1_157' title='bbox 697 2716 767 2799; x_wconf 89' lang='lat' dir='ltr'><strong>pro</strong></span> <span class='ocrx_word' id='word_1_158' title='bbox 788 2689 972 2798; x_wconf 83' lang='lat' dir='ltr'><strong>capitibus</strong></span> <span class='ocrx_word' id='word_1_159' title='bbox 994 2691 1140 2782; x_wconf 69' lang='lat' dir='ltr'><strong>restris,</strong></span> <span class='ocrx_word' id='word_1_160' title='bbox 1166 2690 1302 2778; x_wconf 90' lang='lat' dir='ltr'><strong>idest,</strong></span> <span class='ocrx_word' id='word_1_161' title='bbox 1329 2715 1357 2765; x_wconf 90' lang='lat' dir='ltr'><strong>u</strong></span> <span class='ocrx_word' id='word_1_162' title='bbox 1375 2687 1509 2768; x_wconf 83' lang='lat' dir='ltr'><strong>diebus</strong></span> <span class='ocrx_word' id='word_1_163' title='bbox 1526 2688 1737 2769; x_wconf 90' lang='lat' dir='ltr'><strong>mundbor-</strong></span> 
     </span>
     <span class='ocr_line' id='line_1_19' title="bbox 275 2817 1738 2929; baseline -0.001 -31"><span class='ocrx_word' id='word_1_164' title='bbox 275 2834 288 2843; x_wconf 78' lang='grc'><strong>“</strong></span> <span class='ocrx_word' id='word_1_165' title='bbox 314 2818 478 2909; x_wconf 81' lang='lat' dir='ltr'><strong>delibus,</strong></span> <span class='ocrx_word' id='word_1_166' title='bbox 500 2819 725 2929; x_wconf 85' lang='lat' dir='ltr'><strong>nullumque</strong></span> <span class='ocrx_word' id='word_1_167' title='bbox 746 2819 852 2898; x_wconf 91' lang='lat' dir='ltr'><strong>aliud</strong></span> <span class='ocrx_word' id='word_1_168' title='bbox 871 2821 1065 2899; x_wconf 87' lang='lat' dir='ltr'><strong>servitium</strong></span> <span class='ocrx_word' id='word_1_169' title='bbox 1084 2818 1191 2898; x_wconf 79' lang='lat' dir='ltr'><strong>vobis</strong></span> <span class='ocrx_word' id='word_1_170' title='bbox 1210 2819 1437 2926; x_wconf 84' lang='lat' dir='ltr'><strong>imponatur.</strong></span> <span class='ocrx_word' id='word_1_171' title='bbox 1455 2817 1616 2912; x_wconf 91' lang='lat' dir='ltr'><strong>Quodsi</strong></span> <span class='ocrx_word' id='word_1_172' title='bbox 1636 2819 1738 2929; x_wconf 81' lang='lat' dir='ltr'><strong>quia·</strong></span> 
     </span>
     <span class='ocr_line' id='line_1_20' title="bbox 312 2946 1737 3056; baseline 0.003 -31"><span class='ocrx_word' id='word_1_173' title='bbox 312 2946 408 3027; x_wconf 89' lang='lat' dir='ltr'><strong>libet</strong></span> <span class='ocrx_word' id='word_1_174' title='bbox 426 2947 573 3042; x_wconf 86' lang='lat' dir='ltr'><strong>lecerit,</strong></span> <span class='ocrx_word' id='word_1_175' title='bbox 594 2950 653 3029; x_wconf 87' lang='lat' dir='ltr'><strong>vel</strong></span> <span class='ocrx_word' id='word_1_176' title='bbox 675 2948 858 3056; x_wconf 83' lang='lat' dir='ltr'><strong>aprelato</strong></span> <span class='ocrx_word' id='word_1_177' title='bbox 879 2967 1007 3028; x_wconf 86' lang='lat' dir='ltr'><strong>sancto</strong></span> <span class='ocrx_word' id='word_1_178' title='bbox 1028 2949 1113 3028; x_wconf 91' lang='lat' dir='ltr'><strong>loco</strong></span> <span class='ocrx_word' id='word_1_179' title='bbox 1132 2949 1346 3028; x_wconf 84' lang='lat' dir='ltr'><strong>abstrahere</strong></span> <span class='ocrx_word' id='word_1_180' title='bbox 1367 2949 1623 3056; x_wconf 79' lang='lat' dir='ltr'><strong>temptaverit,</strong></span> <span class='ocrx_word' id='word_1_181' title='bbox 1642 2949 1737 3029; x_wconf 80' lang='lat' dir='ltr'><strong>iram</strong></span> 
     </span>
     <span class='ocr_line' id='line_1_21' title="bbox 311 3072 1734 3190; baseline 0.004 -36"><span class='ocrx_word' id='word_1_182' title='bbox 311 3077 382 3156; x_wconf 90' lang='lat' dir='ltr'><strong>Dei</strong></span> <span class='ocrx_word' id='word_1_183' title='bbox 423 3078 695 3184; x_wconf 84' lang='lat' dir='ltr'><strong>omnipotentis</strong></span> <span class='ocrx_word' id='word_1_184' title='bbox 726 3098 764 3158; x_wconf 94' lang='lat' dir='ltr'><strong>et</strong></span> <span class='ocrx_word' id='word_1_185' title='bbox 798 3081 916 3159; x_wconf 85' lang='lat' dir='ltr'><strong>sancti</strong></span> <span class='ocrx_word' id='word_1_186' title='bbox 949 3072 1054 3161; x_wconf 87' lang='lat' dir='ltr'><strong>Petri</strong></span> <span class='ocrx_word' id='word_1_187' title='bbox 1083 3081 1274 3190; x_wconf 85' lang='lat' dir='ltr'><strong>sanctique</strong></span> <span class='ocrx_word' id='word_1_188' title='bbox 1308 3078 1456 3157; x_wconf 89' lang='lat' dir='ltr'><strong>Bertini</strong></span> <span class='ocrx_word' id='word_1_189' title='bbox 1485 3080 1660 3157; x_wconf 83' lang='lat' dir='ltr'><strong>incurrat</strong></span> <span class='ocrx_word' id='word_1_190' title='bbox 1692 3079 1734 3159; x_wconf 83' lang='lat' dir='ltr'><strong>si</strong></span> 
     </span>
     <span class='ocr_line' id='line_1_22' title="bbox 313 3205 1741 3316; baseline 0.004 -34"><span class='ocrx_word' id='word_1_191' title='bbox 313 3234 497 3285; x_wconf 88' lang='lat' dir='ltr'><strong>conamen</strong></span> <span class='ocrx_word' id='word_1_192' title='bbox 518 3208 678 3316; x_wconf 87' lang='lat' dir='ltr'><strong>impium</strong></span> <span class='ocrx_word' id='word_1_193' title='bbox 700 3237 779 3289; x_wconf 92' lang='lat' dir='ltr'><strong>non</strong></span> <span class='ocrx_word' id='word_1_194' title='bbox 796 3210 977 3291; x_wconf 87' lang='lat' dir='ltr'><strong>omiserit.</strong></span> <span class='ocrx_word' id='word_1_195' title='bbox 998 3210 1046 3291; x_wconf 87' lang='lat' dir='ltr'><strong>Et</strong></span> <span class='ocrx_word' id='word_1_196' title='bbox 1068 3210 1146 3287; x_wconf 85' lang='lat' dir='ltr'><strong>haec</strong></span> <span class='ocrx_word' id='word_1_197' title='bbox 1165 3209 1363 3316; x_wconf 81' lang='lat' dir='ltr'><strong>prestaria,</strong></span> <span class='ocrx_word' id='word_1_198' title='bbox 1384 3237 1499 3287; x_wconf 89' lang='lat' dir='ltr'><strong>manu</strong></span> <span class='ocrx_word' id='word_1_199' title='bbox 1517 3225 1644 3287; x_wconf 87' lang='lat' dir='ltr'><strong>nostra</strong></span> <span class='ocrx_word' id='word_1_200' title='bbox 1663 3205 1741 3300; x_wconf 56' lang='lat' dir='ltr'><strong>fre·⁶</strong></span> 
     </span>
     <span class='ocr_line' id='line_1_23' title="bbox 311 3336 1618 3449; baseline -0.002 -33"><span class='ocrx_word' id='word_1_201' title='bbox 311 3356 487 3446; x_wconf 80' lang='lat' dir='ltr'><strong>trumque</strong></span> <span class='ocrx_word' id='word_1_202' title='bbox 511 3339 704 3434; x_wconf 86' lang='lat' dir='ltr'><strong>roborata,</strong></span> <span class='ocrx_word' id='word_1_203' title='bbox 720 3341 830 3421; x_wconf 86' lang='lat' dir='ltr'><strong>firma</strong></span> <span class='ocrx_word' id='word_1_204' title='bbox 849 3357 1067 3449; x_wconf 87' lang='lat' dir='ltr'><strong>permaneat</strong></span> <span class='ocrx_word' id='word_1_205' title='bbox 1085 3369 1176 3419; x_wconf 88' lang='lat' dir='ltr'><strong>cum</strong></span> <span class='ocrx_word' id='word_1_206' title='bbox 1193 3336 1434 3446; x_wconf 82' lang='lat' dir='ltr'><strong>stipulatione</strong></span> <span class='ocrx_word' id='word_1_207' title='bbox 1451 3337 1618 3420; x_wconf 80' lang='lat' dir='ltr'><strong>subnixa.</strong></span> 
     </span>
    </p>

    <p class='ocr_par' dir='ltr' id='par_1_5' title="bbox 223 3467 1849 3709">
     <span class='ocr_line' id='line_1_24' title="bbox 223 3467 1734 3577; baseline -0.001 -28"><span class='ocrx_word' id='word_1_208' title='bbox 223 3492 227 3499; x_wconf 83' lang='lat'><em>·</em></span> <span class='ocrx_word' id='word_1_209' title='bbox 367 3467 529 3549; x_wconf 77' lang='lat' dir='ltr'><strong>«Actum</strong></span> <span class='ocrx_word' id='word_1_210' title='bbox 551 3469 677 3549; x_wconf 85' lang='lat' dir='ltr'><strong>Sitbiu</strong></span> <span class='ocrx_word' id='word_1_211' title='bbox 694 3471 944 3563; x_wconf 86' lang='lat' dir='ltr'><strong>monasterio„</strong></span> <span class='ocrx_word' id='word_1_212' title='bbox 964 3470 1005 3549; x_wconf 92' lang='lat' dir='ltr'><strong>in</strong></span> <span class='ocrx_word' id='word_1_213' title='bbox 1021 3470 1175 3548; x_wconf 90' lang='lat' dir='ltr'><strong>basilica</strong></span> <span class='ocrx_word' id='word_1_214' title='bbox 1196 3469 1313 3548; x_wconf 89' lang='lat' dir='ltr'><strong>sancti</strong></span> <span class='ocrx_word' id='word_1_215' title='bbox 1332 3470 1495 3559; x_wconf 89' lang='lat' dir='ltr'><strong>Bertini,</strong></span> <span class='ocrx_word' id='word_1_216' title='bbox 1519 3467 1632 3549; x_wconf 87' lang='lat' dir='ltr'><strong>nouis</strong></span> <span class='ocrx_word' id='word_1_217' title='bbox 1649 3495 1734 3577; x_wconf 88' lang='lat' dir='ltr'><strong>sep·</strong></span> 
     </span>
     <span class='ocr_line' id='line_1_25' title="bbox 310 3597 1849 3709; baseline -0.001 -33"><span class='ocrx_word' id='word_1_218' title='bbox 310 3598 446 3679; x_wconf 73' lang='lat' dir='ltr'><strong>temler.</strong></span> <span class='ocrx_word' id='word_1_219' title='bbox 464 3601 509 3679; x_wconf 86' lang='lat' dir='ltr'><strong>iu</strong></span> <span class='ocrx_word' id='word_1_220' title='bbox 521 3598 715 3680; x_wconf 82' lang='lat' dir='ltr'><strong>festivitate</strong></span> <span class='ocrx_word' id='word_1_221' title='bbox 736 3602 874 3709; x_wconf 83' lang='lat' dir='ltr'><strong>ipsius,</strong></span> <span class='ocrx_word' id='word_1_222' title='bbox 891 3629 992 3681; x_wconf 87' lang='lat' dir='ltr'><strong>anun</strong></span> <span class='ocrx_word' id='word_1_223' title='bbox 1011 3626 1102 3679; x_wconf 78' lang='lat' dir='ltr'><strong>auu.</strong></span> <span class='ocrx_word' id='word_1_224' title='bbox 1118 3617 1297 3709; x_wconf 80' lang='lat' dir='ltr'><strong>regnante</strong></span> <span class='ocrx_word' id='word_1_225' title='bbox 1316 3600 1458 3679; x_wconf 75' lang='lat' dir='ltr'><strong>domm</strong></span> <span class='ocrx_word' id='word_1_226' title='bbox 1474 3598 1630 3690; x_wconf 86' lang='lat' dir='ltr'><strong>Karolo,</strong></span> <span class='ocrx_word' id='word_1_227' title='bbox 1649 3597 1732 3679; x_wconf 83' lang='lat' dir='ltr'><strong>filiu</strong></span> <span class='ocrx_word' id='word_1_228' title='bbox 1837 3648 1849 3675; x_wconf 59' lang='lat' dir='ltr'><strong>r</strong></span> 
     </span>
    </p>
   </div>
   <div class='ocr_carea' id='block_1_5' title="bbox 158 3726 776 3837">
    <p class='ocr_par' dir='ltr' id='par_1_6' title="bbox 158 3726 776 3837">
     <span class='ocr_line' id='line_1_26' title="bbox 158 3726 776 3837; baseline 0.01 -37"><span class='ocrx_word' id='word_1_229' title='bbox 158 3746 168 3757; x_wconf 85' lang='lat'><strong>·</strong></span> <span class='ocrx_word' id='word_1_230' title='bbox 309 3726 511 3809; x_wconf 86' lang='lat' dir='ltr'><strong>Hludovici</strong></span> <span class='ocrx_word' id='word_1_231' title='bbox 528 3729 776 3837; x_wconf 81' lang='lat' dir='ltr'><strong>imperatoris.</strong></span> 
     </span>
    </p>
   </div>
   <div class='ocr_carea' id='block_1_6' title="bbox 366 3911 1449 4175">
    <p class='ocr_par' dir='ltr' id='par_1_7' title="bbox 366 3911 1449 4175">
     <span class='ocr_line' id='line_1_27' title="bbox 366 3911 1344 4022; baseline 0.004 -35"><span class='ocrx_word' id='word_1_232' title='bbox 366 3911 471 4019; x_wconf 78' lang='lat' dir='ltr'><strong>«Ego</strong></span> <span class='ocrx_word' id='word_1_233' title='bbox 495 3911 728 4004; x_wconf 63' lang='lat' dir='ltr'><strong>mauranus,</strong></span> <span class='ocrx_word' id='word_1_234' title='bbox 746 3912 858 4008; x_wconf 88' lang='lat' dir='ltr'><strong>abba,</strong></span> <span class='ocrx_word' id='word_1_235' title='bbox 878 3913 1030 4022; x_wconf 89' lang='lat' dir='ltr'><strong>propria</strong></span> <span class='ocrx_word' id='word_1_236' title='bbox 1052 3942 1169 3993; x_wconf 91' lang='lat' dir='ltr'><strong>manu</strong></span> <span class='ocrx_word' id='word_1_237' title='bbox 1187 3914 1344 3991; x_wconf 82' lang='lat' dir='ltr'><strong>firmavi.</strong></span> 
     </span>
     <span class='ocr_line' id='line_1_28' title="bbox 366 4058 1449 4175; baseline 0.003 -41"><span class='ocrx_word' id='word_1_238' title='bbox 366 4058 473 4175; x_wconf 78' lang='lat' dir='ltr'><strong>«Ego</strong></span> <span class='ocrx_word' id='word_1_239' title='bbox 495 4059 752 4150; x_wconf 81' lang='lat' dir='ltr'><strong>Goursrnrns,</strong></span> <span class='ocrx_word' id='word_1_240' title='bbox 773 4079 958 4167; x_wconf 87' lang='lat' dir='ltr'><strong>peccator,</strong></span> <span class='ocrx_word' id='word_1_241' title='bbox 978 4061 1208 4168; x_wconf 82' lang='lat' dir='ltr'><strong>prepositus,</strong></span> <span class='ocrx_word' id='word_1_242' title='bbox 1235 4062 1449 4166; x_wconf 90' lang='lat' dir='ltr'><strong>subscripsi.</strong></span> 
     </span>
    </p>
   </div>
   <div class='ocr_carea' id='block_1_7' title="bbox 348 4188 1663 4447">
    <p class='ocr_par' dir='ltr' id='par_1_8' title="bbox 348 4188 1663 4447">
     <span class='ocr_line' id='line_1_29' title="bbox 410 4188 1663 4310; baseline 0.001 -23"><span class='ocrx_word' id='word_1_243' title='bbox 410 4222 562 4309; x_wconf 79' lang='lat' dir='ltr'><strong>«Signum</strong></span> <span class='ocrx_word' id='word_1_244' title='bbox 575 4225 762 4293; x_wconf 62' lang='lat' dir='ltr'><strong>mareu,</strong></span> <span class='ocrx_word' id='word_1_245' title='bbox 783 4224 895 4289; x_wconf 84' lang='lat' dir='ltr'><strong>decani.</strong></span> <span class='ocrx_word' id='word_1_246' title='bbox 917 4225 1047 4307; x_wconf 60' lang='lat' dir='ltr'><strong>Quum</strong></span> <span class='ocrx_word' id='word_1_247' title='bbox 1061 4225 1203 4296; x_wconf 72' lang='lat' dir='ltr'><strong>Baccara,</strong></span> <span class='ocrx_word' id='word_1_248' title='bbox 1219 4225 1361 4291; x_wconf 72' lang='lat' dir='ltr'><strong>macuti</strong></span> <span class='ocrx_word' id='word_1_249' title='bbox 1372 4237 1405 4289; x_wconf 86' lang='lat' dir='ltr'><strong>et</strong></span> <span class='ocrx_word' id='word_1_250' title='bbox 1418 4223 1581 4310; x_wconf 78' lang='lat' dir='ltr'><strong>presbiteri.</strong></span> <span class='ocrx_word' id='word_1_251' title='bbox 1595 4188 1600 4198; x_wconf 65' lang='lat'><strong>.</strong></span> <span class='ocrx_word' id='word_1_252' title='bbox 1655 4284 1663 4307; x_wconf 93' lang='lat'><strong>-.</strong></span> 
     </span>
     <span class='ocr_line' id='line_1_30' title="bbox 348 4360 983 4447; baseline -0.006 -20"><span class='ocrx_word' id='word_1_253' title='bbox 348 4360 567 4429; x_wconf 55' lang='lat' dir='ltr'><strong>renuamus</strong></span> <span class='ocrx_word' id='word_1_254' title='bbox 588 4366 702 4447; x_wconf 76' lang='lat' dir='ltr'><strong>scripsit</strong></span> <span class='ocrx_word' id='word_1_255' title='bbox 722 4375 755 4426; x_wconf 86' lang='lat' dir='ltr'><strong>et</strong></span> <span class='ocrx_word' id='word_1_256' title='bbox 770 4360 950 4447; x_wconf 74' lang='lat' dir='ltr'><strong>stbsuipait.</strong></span> <span class='ocrx_word' id='word_1_257' title='bbox 966 4389 983 4418; x_wconf 65' lang='grc' dir='ltr'>ι</span> 
     </span>
    </p>
   </div>
   <div class='ocr_carea' id='block_1_8' title="bbox 0 0 2244 5842">
    <p class='ocr_par' dir='ltr' id='par_1_9' title="bbox 0 0 2244 5842">
     <span class='ocr_line' id='line_1_31' title="bbox 0 0 2244 5842; baseline 0 6"><span class='ocrx_word' id='word_1_258' title='bbox 0 0 2244 5842; x_wconf 95' lang='lat' dir='ltr'><strong> </strong></span> 
     </span>
    </p>
   </div>
  </div>
 </body>
</html>
