4478 5842
326 463 393 532 192
675 460 1082 534 CHARTULARIUM
1109 462 1385 536 strfltssttstt

320 600 479 690 crimen,
497 601 639 676 crimen
653 629 807 707 quoque
820 602 993 678 meritam
1020 601 1150 679 intulit
1171 621 1350 680 mortem.
1370 606 1460 681 Nam
1487 604 1651 681 necdum
1672 602 1742 679 tri·¹
1772 658 1781 669 -

320 731 396 806 duo
423 746 509 835 post
534 731 604 808 hec
634 748 839 823 transacto,
868 732 984 809 boves
1011 733 1206 838 cujusdam
1234 735 1411 840 pouperis
1436 736 1575 841 rapuit,
1604 734 1740 811 ditioni

318 858 399 936 falsi
416 860 513 966 juris
537 861 721 948 subdidit,
748 861 953 968 nimiisque
974 862 1187 951 laboribus,
1214 892 1283 969 pro
1310 867 1444 942 merito
1468 867 1526 942 sui
1547 882 1584 940 et
1607 864 1768 955 libito,
1787 858 1820 949 ⁴¹.

320 1018 465 1096 proque
478 991 661 1094 temporis
673 990 893 1095 quantitate,
908 991 1125 1068 insudatum
1141 994 1276 1069 tenuit.
1300 995 1468 1071 Necdum
1483 994 1597 1072 boves
1611 991 1741 1070 reddi-

320 1119 440 1208 derat,
476 1138 514 1196 ct
538 1120 685 1226 majora·
705 1119 862 1226 quidem
892 1137 1018 1196 actum
1048 1120 1103 1195 ire
1135 1120 1232 1197 sorte
1262 1123 1426 1229 cogitatu
1457 1123 1621 1213 volebat,
1650 1150 1737 1198 cum

318 1249 413 1325 forte
430 1248 562 1324 eadem
578 1248 835 1354 passionequa
850 1249 1017 1354 primum
1033 1251 1252 1354 percutitur.
1267 1251 1378 1328 Cadit
1392 1253 1432 1327 in
1450 1268 1607 1339 terram,
1625 1252 1738 1329 miser

317 1369 567 1486 tum'quoque
589 1407 666 1456 non
687 1380 804 1455 homo
826 1406 922 1473 esse,
946 1407 1025 1455 non
1046 1379 1205 1456 mortale
1225 1408 1358 1457 sonare
1378 1383 1543 1473 videtur;
1560 1404 1738 1486 nampro

318 1511 493 1587 humanis
511 1508 635 1585 verbis
659 1510 826 1615 mugitus
850 1509 929 1599 dat;
953 1538 1024 1614 pro
1047 1509 1217 1614 planctu,
1234 1510 1304 1615 pro
1319 1512 1494 1618 querela,
1514 1512 1658 1617 rabiem
1678 1540 1740 1617 ag-

317 1640 498 1747 grestium
523 1639 689 1716 serarum
709 1640 889 1716 imitatur.
910 1639 1002 1717 Orat
1021 1639 1161 1716 amicos
1180 1669 1256 1745 quo
1280 1668 1349 1744 pro
1370 1670 1409 1718 se
1431 1660 1582 1749 rogent,
1597 1670 1668 1719 nec
1681 1668 1740 1718 re·

317 1769 391 1846 fert
409 1769 576 1873 quidem.
598 1770 828 1874 Deprecatur
842 1768 1029 1844 nunditiis
1043 1786 1087 1845 ut
1101 1797 1181 1846 sese
1203 1769 1387 1847 visitatum
1403 1798 1584 1849 monacus
1594 1771 1735 1861 veniat,

317 1899 357 1975 id
377 1927 529 2005 quoque
553 1898 710 1973 minime
734 1896 893 2003 quidem
912 1915 1089 1975 meretur.
1111 1899 1241 2006 Igitur,
1266 1901 1402 1976 eodem
1422 1901 1487 1983 die
1510 1929 1587 2008 quo
1610 1928 1738 1978 rursus

316 2057 512 2134 percussus
528 2028 660 2103 eadem
675 2026 892 2103 infirmitate
913 2044 988 2115 est,
1008 2026 1120 2103 vit'am
1144 2056 1258 2133 quam
1277 2046 1537 2134 postposuerat
1553 2031 1735 2135 perdidit3

319 2176 480 2237 mortem
502 2187 613 2264 qiram
634 2174 783 2235 secutus
800 2156 889 2249 luit,
909 2156 1022 2267 vidit,
1046 2157 1203 2250 invenit,
1221 2161 1347 2236 sensit.
1367 2160 1433 2235 His
1453 2161 1503 2236 ita
1522 2162 1738 2268 gestis‚de-

318 2318 439 2379 mum,
459 2306 501 2364 ut
514 2286 610 2377 dixi,
636 2286 750 2364 abhas
763 2285 934 2374 affectus,
949 2302 1088 2362 cartam
1105 2286 1212 2392 cujus
1230 2287 1418 2393 exemplar
1436 2288 1646 2393 subjectum
1661 2305 1733 2375 est,

318 2420 365 2495 de
384 2418 625 2501 renovatione
645 2416 800 2494 remisse
824 2415 1110 2493 consuetudinis
1129 2417 1382 2522 quorumdam
1407 2416 1580 2493 altarium
1599 2416 1737 2494 libara-

317 2549 418 2625 litate
439 2549 626 2655 Drogonis
642 2547 830 2654 episcopi,
855 2547 1054 2624 innovavit.
1152 2580 1158 2591 ·

967 2825 1081 2897 XIX.

757 3023 909 3063 EXHPLAR
930 3022 1051 3063 tanetus
1074 3023 1111 3062 DE
1133 3023 1297 3065 BROBORGR.

371 3204 440 3278 «ln
468 3200 625 3278 nomine
646 3216 779 3285 sanctae
798 3229 841 3277 ao
860 3198 1014 3276 Deificae
1039 3199 1243 3276 Trinitatis.
1264 3200 1393 3307 Drogo
1423 3200 1593 3305 ejusdem
1619 3202 1738 3308 gratia

314 3352 352 3412 ct
370 3331 648 3438 dispensatione
663 3330 833 3437 pietatis,
853 3356 1022 3407 nonsuae
1042 3330 1180 3406 merito
1203 3329 1399 3421 bonitatis,
1416 3329 1662 3407 intronisatus
1678 3359 1737 3406 ca·

312 3464 446 3541 thedra
464 3461 674 3568 pontificali
696 3462 937 3538 Morinorum
953 3459 1126 3552 civitatis,
1149 3460 1334 3536 universis
1348 3459 1511 3537 ecclesie
1529 3459 1634 3550 filiis,
1650 3479 1738 3567 post

311 3595 519 3679 terminum
544 3593 630 3670 Deo
653 3607 803 3699 gratum
822 3591 908 3667 vitre
924 3589 1115 3679 mortalis,
1136 3588 1414 3666 beatitudinem
1437 3618 1608 3695 supernae
1628 3591 1737 3669 here·

314 3724 451 3800 ditatis.
470 3722 662 3815 Quoniam
677 3722 759 3797 vitae
778 3720 980 3797 hominum
998 3737 1171 3824 tempora
1185 3747 1263 3796 non
1278 3736 1367 3796 sunt
1385 3719 1595 3796 admodum
1605 3740 1736 3825 perso·
1819 3783 1821 3787 .

312 3852 493 3940 verentia,
522 3869 564 3928 ut
593 3849 798 3956 aliquando
825 3847 1034 3954 expostulat
1059 3849 1259 3925 necessitas
1285 3848 1463 3940 maxima3
1491 3875 1561 3954 pro
1586 3849 1737 3956 cujusli-

311 3982 378 4061 bet
388 3982 529 4090 negotii
545 4010 670 4071 causa,
685 4008 767 4087 quae
783 3978 1002 4057 testimonio
1017 3977 1179 4084 indiget,
1194 3977 1452 4085 approbanda,
1471 3979 1737 4056 convenienter

312 4130 350 4189 et
367 4111 574 4209 necessario
595 4110 840 4216 antiquorum
862 4108 1049 4186 industria·
1067 4107 1313 4200 rationibilis,
1340 4107 1485 4184 consilii
1506 4124 1545 4184 et
1565 4106 1736 4185 utilitatis

314 4270 446 4350 magne
459 4241 631 4347 provida,
648 4238 863 4315 litterarum
879 4237 1072 4314 adinvenit
1085 4236 1224 4344 figuras
1239 4253 1279 4313 et
1292 4236 1411 4342 signa,
1426 4254 1471 4314 ut
1482 4262 1616 4340 eorum
1628 4236 1735 4343 quasi

312 4370 474 4475 quadm
490 4369 716 4446 nuntiorum
732 4395 774 4443 ac
787 4365 943 4443 testium
958 4364 1513 4472 loquela‚·quod·necessa1ium
1529 4384 1609 4444 erat
1623 4386 1666 4443 ac
1679 4365 1737 4443 di-

311 4526 448 4609 gnum,
465 4498 657 4575 memorie
671 4497 831 4604 posteris
847 4493 1107 4574 notificaretur
1122 4523 1190 4601 per
1204 4494 1488 4589 suturasecula,
1507 4514 1545 4574 et
1561 4499 1624 4590 ita,
1642 4523 1737 4603 quo-

312 4626 592 4717 damartilicio,
613 4627 756 4703 mortui
772 4655 859 4704 cum
874 4626 980 4719 vivis,
1000 4627 1068 4734 qni
1082 4625 1163 4733 jam
1184 4625 1393 4737 longinquo
1411 4627 1595 4734 temporis
1616 4627 1733 4705 inter·

311 4758 407 4840 vallo
428 4773 687 4866 marcuerunt
703 4783 790 4833 cum
807 4754 963 4849 futuris,
980 4755 1166 4833 haberent
1186 4756 1453 4839 commertium
1469 4754 1731 4864 colloquendi,
