4478 5842
543 445 670 517 PARS
695 445 936 517 SECUNDA.
953 485 1004 498 -—
1023 444 1233 519 SIMONIS
1259 445 1352 518 LIB.
1379 447 1426 516 ll.
1614 442 1688 516 255

153 674 160 685 ‚
269 600 355 662 ante
374 583 414 659 id
433 585 613 690 temporis
628 613 788 665 ,censum
808 583 939 675 solvit,
962 601 1147 691 quantum
1168 584 1216 658 ad
1236 583 1428 660 redditum
1450 583 1580 691 viginti
1604 600 1688 659 octo

269 705 465 806 librarum,
478 711 635 821 singulis
649 713 775 802 aunis,
787 714 975 821 pertinere
987 712 1206 790 dinoscitur.
1219 715 1321 789 Hanc
1331 713 1445 821 igitur
1453 713 1690 817 berquariam

268 843 317 921 ab
342 830 449 921 omni
471 843 660 944 exactione
687 871 841 948 prorsus
864 843 1074 919 immunem
1102 860 1141 918 et
1166 842 1341 934 liberam,
1366 842 1689 949 quemadmodum

268 1002 338 1082 ego
352 1001 435 1050 eam
449 973 614 1080 possedi,
633 973 683 1049 ita
698 973 872 1078 predicto
888 989 1014 1050 sancto
1027 971 1198 1062 Reatino,
1216 973 1255 1047 in
1267 974 1454 1079 pinsentis
1467 972 1689 1079 optimatum

269 1132 457 1194 meorum,
482 1104 572 1211 jure
593 1103 821 1181 hereditario
848 1105 888 1179 in
914 1120 1140 1210 perpetuum
1168 1103 1434 1208 possidendam
1462 1105 1688 1195 contradidi,

269 1249 381 1339 atque
409 1233 521 1342 sigilli
550 1232 626 1310 mei
655 1234 902 1339 impressione
924 1216 1208 1310 subterfirmavi.
1458 1242 1461 1247 '

325 1363 487 1443 ·Actum
509 1381 565 1442 est
584 1365 658 1442 hoc
671 1364 772 1469 apud
794 1364 973 1440 Sanctum
993 1363 1272 1453 Andomarum,
1294 1363 1332 1437 in
1352 1362 1553 1468 sollempni
1570 1364 1687 1452 curia,

271 1519 369 1571 anno
398 1493 445 1570 ab
474 1495 728 1593 incarnatione
751 1495 907 1572 Domini
935 1496 1052 1572 nostri
1080 1493 1285 1570 millesimo
1311 1494 1516 1570 centesimo
1543 1493 1690 1570 decimo

270 1641 417 1728 quartu,
429 1624 635 1703 indictione
646 1628 820 1731 septima,
836 1625 1226 1734 regnanteLudovico,
1238 1625 1578 1729 Francorumrege,
1595 1626 1692 1730 prin-

269 1751 416 1857 cipante
427 1754 466 1831 iu
480 1746 656 1831 Flandria
668 1755 805 1831 eodem
815 1755 1002 1831 Balduino
1014 1755 1170 1844 comite,
1189 1783 1231 1831 ea
1242 1752 1383 1830 scilicet
1393 1754 1539 1860 dicqua
1551 1753 1690 1860 abipso

269 1884 406 1961 comite
416 1884 634 1988 cunctisque
647 1883 866 1987 proceribus
877 1882 1052 1957 Flandrie
1062 1910 1131 1984 pax
1142 1882 1360 1958 confirmata
1372 1902 1428 1958 ast
1439 1887 1689 1962 sacramentis.

324 2051 341 2081 «.
352 2013 447 2088 Huic
469 2011 665 2089 donationi
684 2011 743 2086 vel
765 2009 1042 2087 confirmationi
1053 2059 1069 2096 ,-
1090 2012 1283 2085 reverendi
1304 2012 1468 2117 episcopi
1482 2012 1688 2106 lohannes,

267 2142 531 2231 Taruancnsis,
555 2159 592 2243 et
605 2139 848 2230 Lambertus,
867 2137 1143 2227 Noviomensis,
1163 2156 1303 2214 etcum
1322 2140 1382 2215 his
1399 2140 1465 2215 viri
1481 2140 1572 2218 boni
1588 2146 1691 2219 testi⁴

148 2293 150 2297 ·
268 2269 402 2361 monii,
431 2287 507 2347 tam
537 2270 661 2347 clerici
689 2297 801 2375 quam
822 2268 933 2358 laici,
962 2267 1232 2359 interfuerunt,
1257 2296 1423 2375 quorum
1448 2270 1603 2348 nomina
1630 2273 1689 2347 hic

268 2400 409 2506 placuit
427 2401 609 2478 annotari.

420 2548 576 2616 allatum,
592 2548 681 2608 abbas
692 2547 855 2629 Bergmsis.
879 2546 1125 2616 stannatum,
1141 2547 1361 2608 archidiaconns
1376 2548 1592 2610 Attmbatensis.
1608 2550 1690 2611 Wu-

480 2670 603 2719 muaaus,
616 2650 790 2711 castellanus
802 2650 901 2711 Sancti
919 2650 1087 2710 Andomari.
1101 2651 1306 2719 ursmarus.
1326 2650 1501 2712 castellanus
1516 2650 1689 2715 Gaudentio.

480 2754 662 2823 Wanrnnus,
686 2751 860 2813 castellanus
881 2752 1066 2833 Brucgcnsis.
1089 2752 1271 2819 Wacasaus,
1293 2753 1466 2814 castellanus
1482 2754 1688 2816 Curtracenais.

479 2853 880 2922 Tuaiuaanus‚¹castellanus
895 2852 1119 2936 Broburgcnais.
1133 2852 1325 2921 Faooaruus.
1340 2852 1514 2914 castellanus
1527 2854 1689 2937 Burgenais.

326 3032 419 3106 ..His
433 3059 519 3106 vcro
540 3047 655 3135 atque
677 3014 758 3105 aliis
776 3030 949 3135 plurimis
971 3031 1194 3123 astantibus,
1221 3061 1243 3107 a
1264 3031 1490 3138 supradictis
1510 3033 1692 3140 episcopis

269 3161 508 3239 Noviomensi
518 3161 883 3269 atqueTaruanensi,
896 3178 1008 3267 atque
1020 3191 1040 3238 a
1053 3163 1194 3239 domno
1203 3163 1416 3254 Lamberto,
1431 3162 1564 3241 abbate
1574 3166 1691 3243 sancti

268 3292 410 3368 Bertini
421 3356 429 3383 ,
441 3320 462 3367 a
475 3319 551 3396 quo
566 3291 892 3370 beccommutatro
903 3290 993 3369 lacta
1005 3308 1076 3380 eat,
1089 3293 1444 3370 anathematizatum
1455 3310 1566 3398 atque
1581 3295 1692 3371 terri-

268 3420 647 3500 biliterinterdictum
661 3439 735 3530 est,
749 3439 792 3499 ut
802 3423 1017 3528 quicunque
1029 3424 1125 3500 hanc
1136 3423 1379 3499 donationem
1391 3421 1593 3529 infringere
1607 3451 1691 3526 prc-

270 3552 486 3657 sumpscrit‚
510 3552 580 3629 nisi
602 3542 789 3657 condigna
811 3552 1012 3658 resipuerit
1028 3551 1257 3657 penitentia,
1278 3550 1498 3627 auctoritate
1517 3551 1634 3627 Patris
1654 3569 1691 3627 et

270 3680 355 3758 Filii
378 3700 415 3759 et
432 3682 593 3788 Spiritus
611 3682 756 3771 Sancti,
773 3699 811 3757 et
831 3683 1002 3759 omnium
1022 3698 1256 3771 sanctorum,
1274 3681 1322 3757 sit
1338 3680 1552 3766 anathema,
1569 3708 1692 3755 mara-

270 3813 393 3889 natha.
413 3813 511 3901 Fiat,
527 3812 631 3890 fiat.»

914 3991 1035 4065 xtv.

304 4184 455 4225 cinnama
480 4185 617 4224 aninumr
642 4183 773 4231 coatus.
798 4186 867 4226 aiau
892 4186 1276 4235 nonsarr.nac1asaaara
1301 4176 1404 4240 antas,
1428 4188 1464 4226 aa
1485 4188 1595 4247 nucina
1619 4190 1654 4228 rr

783 4274 929 4331 courrarn
954 4290 990 4329 nn
1013 4267 1170 4331 anosuao'.

325 4468 392 4543 «lu
421 4467 575 4543 nomine
602 4481 726 4541 sancte
751 4481 790 4540 et
815 4465 1008 4543 individue
1034 4466 1238 4545 Trinitatis
1255 4468 1340 4575 Ego
1359 4465 1589 4559 Bolduinus,
1612 4471 1684 4548 Dei
1772 4527 1816 4560 ,11

267 4596 397 4700 gratia,
407 4595 696 4675 Flaudrensium
708 4596 924 4687 marchisus,
935 4595 1041 4675 lilius
1051 4596 1206 4685 Robarti
1219 4598 1382 4690 comitis,
1393 4598 1459 4704 qui
1469 4599 1683 4704 sepulcrum

311 4758 317 4789 ¹
343 4759 438 4844 lluJua
456 4761 642 4821 instrumenti
656 4733 851 4840 fragmentum
867 4758 959 4820 adidlt
973 4759 1141 4844 lltdltrauq,
1156 4759 1191 4820 de
1204 4760 1334 4830 Morinis,
1349 4773 1418 4821 torn.
1435 4760 1490 4829 111,
1503 4782 1568 4844 pag.
1587 4781 1651 4823 tto.
