4478 5842
469 503 593 576 PARS
618 503 819 618 TERTIA.
836 499 1329 577 ——CONTINUATORES
1354 503 1572 578 SIMONIS.
1654 507 1723 578 571

313 625 456 725 ratione
472 643 611 724 factum
630 660 701 732 est,
717 658 761 722 ut
774 659 851 720 tarn
864 641 936 748 ipsi
953 670 1066 748 quam
1082 659 1257 748 parentes
1271 670 1407 722 eorum
1424 644 1465 721 in
1484 643 1729 739 benefitiiset

314 774 547 856 orationibus
575 775 651 854 siut
670 773 824 853 ecclesie
845 773 945 851 beati
971 773 1130 863 Bertini,
1152 789 1191 853 et
1211 790 1254 854 ut
1273 774 1355 853 dies
1377 773 1506 853 obitus
1530 777 1729 853 memorati
1778 781 1780 787 ⁴

314 905 464 997 Hearici
491 921 529 983 et
553 903 680 983 uxoris
708 904 790 1011 ejus
817 903 1043 1009 Margarete,
1070 901 1341 981 anniversnrius
1368 905 1520 1010 quarmo
1545 907 1728 994 evenerit,

313 1037 408 1117 sicut
433 1036 547 1114 unius
563 1034 687 1112 fratris
706 1031 1005 1142 congregationis
1024 1033 1192 1138 predicte
1217 1033 1372 1113 ecclesie
1398 1035 1438 1110 in
1455 1025 1586 1141 'regula
1613 1063 1732 1114 anno-

312 1182 425 1243 tetur.
455 1165 614 1271 Insuper
633 1164 749 1241 eciam
780 1162 819 1239 in
849 1161 977 1241 ledere
1002 1181 1184 1269 perpetue
1209 1164 1326 1268 pacis,
1357 1163 1522 1270 prelatus
1547 1165 1730 1243 Henricus

238 1288 241 1293 ’
312 1324 434 1373 unum
458 1295 506 1372 de
527 1294 615 1373 filiis
635 1294 712 1371 suis
732 1321 892 1399 puerum
917 1308 1019 1369 trans
1039 1321 1141 1370 mare
1161 1293 1285 1372 abbati
1305 1294 1450 1385 mittet,
1471 1294 1536 1402 qui
1556 1293 1730 1373 videlicet

312 1442 408 1530 p'uer
426 1422 561 1503 litteris
579 1424 801 1511 instructus,
823 1452 865 1501 ar
883 1423 1017 1501 ceteris
1033 1423 1107 1501 vite
1127 1424 1343 1502 necessariis
1362 1453 1431 1530 per
1449 1423 1623 1502 abbatem
1644 1423 1731 1501 dili-

312 1571 444 1661 genter
458 1553 650 1646 educatus,
671 1570 756 1659 post
774 1570 850 1630 tres
867 1569 931 1631 aut
945 1569 1110 1658 quatuor
1124 1581 1259 1643 annos,
1278 1554 1309 1632 ai
1325 1553 1502 1644 voluerit,
1524 1554 1730 1658 monachus

313 1676 507 1762 efficietur.

353 1815 470 1893 «Acta
482 1829 572 1893 sunt
584 1814 654 1892 hec
666 1842 765 1892 anno
778 1813 983 1894 Domimu.
998 1841 1031 1891 o.
1043 1814 1318 1920 septuagesimo
1328 1832 1445 1900 sexto,
1456 1814 1675 1904 Cantuarie,
1691 1815 1729 1890 in

312 1945 467 2025 ecclesia
485 1961 611 2024 sancte
632 1945 772 2036 Maris,
786 1961 958 2049 presente
975 1943 1179 2032 Her-berto,
1200 1944 1483 2035 archidiacono,
1508 1961 1546 2020 et
1565 1973 1633 2049 per
1651 1973 1731 2021 ma-

312 2106 404 2152 num
427 2076 544 2181 ipsius
564 2073 801 2160 confirmata,
827 2074 866 2150 in
891 2091 1094 2179 conspectu
1118 2073 1235 2153 eciam
1262 2073 1415 2180 capituli
1436 2074 1483 2151 de
1502 2074 1728 2180 Hospriuga,

311 2207 505 2285 assistente
524 2204 702 2312 magistro
720 2203 920 2283 Willelmo
941 2203 989 2281 de
1009 2221 1133 2281 sancta
1153 2203 1262 2296 Fi'de,
1283 2234 1325 2282 ac
1345 2201 1518 2309 pluribus
1535 2201 1618 2280 aliis
1637 2205 1728 2280 boni

209 2411 211 2416 .
309 2335 518 2413 testimonii
539 2334 710 2439 personis
735 2351 812 2413 tam
833 2333 1071 2415 ecclesiastici
1093 2334 1238 2413 ordinis
1257 2363 1370 2441 quam
1391 2318 1584 2424 secularis3
1612 2334 1730 2439 presi·
1844 2401 1847 2409 .

311 2465 424 2542 dente
444 2467 487 2553 in
506 2463 661 2541 ecclesia
679 2463 780 2541 beati
805 2465 948 2540 Bertini
968 2463 1233 2570 predecessore
1254 2492 1341 2541 meo
1362 2465 1424 2569 pie
1449 2463 1632 2538 memorie
1652 2461 1730 2540 Go-

311 2594 498 2681 descalco,
520 2592 667 2669 abbate.
685 2631 696 2659 u

961 2793 1069 2871 LVI.

366 2966 626 3074 Magnificctur
643 2967 746 3044 Deus
765 2968 968 3074 unicuique
994 2996 1149 3047 suorum
1173 2968 1364 3053 fidelium,
1388 2994 1465 3045 non
1486 2995 1529 3042 ex
1551 2966 1729 3073 operibus

310 3097 512 3175 meritoriis
532 3113 570 3174 et
581 3097 751 3203 justicie,
769 3097 847 3204 sedj
869 3116 955 3175 uxta
975 3127 1191 3178 mensuram
1212 3097 1441 3204 amplissime
1463 3098 1624 3175 caritatis
1643 3127 1724 3188 sue,

308 3227 479 3306 tribuens
499 3227 599 3305 dona
614 3227 869 3314 carismatum,
889 3229 954 3335 qui
970 3229 1087 3307 eciam
1100 3228 1303 3307 voluminis
1317 3229 1431 3335 hujus
1445 3256 1596 3333 corpus,
1615 3256 1726 3333 opera

309 3358 484 3464 pauperis
496 3386 539 3434 ac
550 3357 691 3435 modici
704 3355 838 3434 famosi
854 3357 980 3435 sithiu
1000 3357 1149 3436 cenobii
1169 3357 1353 3466 religiosi,
1367 3356 1549 3441 inchoari,
1568 3356 1726 3432 mediari

309 3504 348 3563 et
363 3488 558 3564 terminari
578 3487 761 3592 permisit.
777 3487 883 3565 Faxit
898 3515 987 3593 ergo
1008 3488 1075 3567 diu
1091 3515 1187 3578 esse,
1205 3487 1383 3592 quatinus
1400 3485 1525 3562 Sitdiu
1542 3484 1726 3562 cenobiali

308 3619 452 3724 gremio
468 3617 589 3694 valeat
608 3617 806 3695 deservire.
828 3618 876 3692 Et
895 3615 1051 3722 quidem
1077 3617 1155 3721 ipse
1179 3616 1352 3713 scribens,
1366 3643 1445 3691 non
1468 3614 1573 3721 quod
1596 3612 1728 3691 debuit

310 3746 478 3836 exsolvit,
496 3773 627 3822 verum
647 3743 752 3852 quod
771 3773 840 3849 pro
861 3745 1001 3852 exiguis
1019 3745 1161 3823 viribus
1180 3718 1320 3852 poluit,
1338 3742 1384 3829 iit
1402 3743 1491 3834 filii,
1512 3742 1641 3820 matris
1659 3772 1726 3820 sue

310 3878 412 3982 Syou
440 3875 716 3981 speculamine,
738 3875 872 3980 suique
895 3893 1087 3952 consortes
1118 3892 1293 3953 enarrent
1318 3874 1408 3952 filiis
1435 3873 1500 3980 qui
1526 3890 1728 3951 nascentur

310 4022 348 4081 et
368 4021 562 4112 exurgent,
588 4032 665 4111 quo
690 4004 850 4110 amplius
868 4022 1011 4110 ponant
1035 4007 1075 4081 iu
1095 4006 1176 4085 Deo
1202 4023 1241 4083 et
1259 4006 1394 4084 sanctis
1417 4033 1522 4111 spem
1542 4033 1667 4095 suam,
1690 4021 1727 4081 et

310 4164 386 4212 uon
418 4134 685 4213 obliviscantur
714 4133 999 4212 benefactorum
1032 4165 1072 4213 ac
1102 4162 1260 4242 operum
1288 4153 1548 4213 veteranorum
1578 4149 1725 4239 patrum

310 4266 403 4372 ejus.
423 4267 577 4342 Fatetur
601 4264 693 4340 item
717 4264 796 4369 ipse
818 4291 895 4341 non
920 4264 1069 4342 vinculo
1089 4265 1325 4354 obedientie,
1350 4280 1463 4371 prout
1480 4263 1656 4342 nonnulli
1683 4291 1727 4340 ex

310 4395 522 4473 senioribus
540 4392 710 4501 patribus
725 4422 813 4473 suos
835 4394 1048 4500 spirituales
1062 4396 1272 4481 cenobitas,
1294 4421 1343 4471 ne
1358 4395 1438 4472 otio
1458 4410 1668 4501 torperent,
1690 4409 1728 4469 et

212 4540 216 4546 “
310 4523 443 4600 exinde
458 4525 507 4601 ad
521 4551 692 4602 rumores
704 4523 918 4603 mundanos
928 4525 1123 4630 proniores
1136 4542 1270 4611 esseut,
1286 4541 1500 4635 coegerunt,
1516 4523 1726 4630 etquidem

309 4681 490 4761 congrue,
508 4681 637 4730 verum
657 4653 848 4730 hincinde
866 4651 1000 4731 librata
1013 4655 1157 4733 nedum
1171 4656 1361 4732 vacatione
1378 4654 1535 4732 fratrum
1551 4654 1724 4742 honesta,

309 4783 376 4859 sed
396 4801 434 4860 et
455 4782 673 4861 monasterii
693 4784 749 4858 sui
771 4783 953 4877 utilitate,
981 4785 1082 4862 istud
1110 4785 1211 4878 Deo,
1240 4803 1367 4863 sancto
1387 4787 1499 4863 Petro
1521 4800 1725 4886 sanctoque

1126 4926 1129 4933 '
1506 4913 1555 4992 47.
