4478 5842
523 493 593 564 lto
872 494 1279 574 CHARTULARIUM
1305 496 1589 578 SITHIENSE.

1165 749 1295 826 LVII.

976 913 1014 953 Μ
1036 912 1133 955 nom
1154 915 1259 956 xenon
1281 913 1485 958 insanarum.

312 1074 393 1127 5001.
406 1074 469 1145 ⁸77·
574 1050 661 1125 Post
688 1051 784 1138 hacc,
815 1052 949 1128 eodem
981 1082 1099 1146 anno,
1130 1055 1289 1132 Karolus
1318 1056 1523 1162 imperator
1550 1059 1707 1134 Romam
1738 1086 1938 1166 properare

517 1179 662 1268 volens,
693 1182 970 1287 postmodium
987 1184 1127 1292 julium
1150 1185 1197 1262 de
1219 1186 1370 1262 Francia
1391 1186 1462 1263 iter
1484 1186 1657 1295 arripuit,
1681 1204 1719 1264 et
1737 1189 1776 1263 in
1793 1188 1937 1266 Italiam

515 1310 684 1400 veniens,
710 1312 820 1418 Papia
847 1312 992 1391 obviam
1023 1316 1156 1393 habuit
1180 1317 1392 1393 Iohannem
1420 1344 1565 1423 papam.
1595 1316 1780 1426 Venitque
1809 1319 1940 1397 Karlo-

516 1468 694 1534 mannus,
709 1470 828 1548 nepos
839 1445 985 1537 Karoli,
1001 1475 1085 1521 cum
1103 1444 1232 1522 multis
1247 1446 1402 1524 milibus
1413 1445 1643 1525 bellatorum
1660 1449 1707 1526 de
1720 1451 1888 1527 Baioaria
1902 1466 1940 1528 et

498 1570 670 1676 ‘reliquis
688 1570 964 1650 Germanorum
985 1574 1247 1664 orientalibus,
1270 1575 1529 1652 contradicens
1548 1576 1603 1652 illi
1629 1579 1741 1654 ltaliae
1766 1606 1936 1687 regnum.

514 1702 561 1776 Et
582 1730 668 1777 cum
697 1730 773 1780 non
794 1703 951 1780 haberet
970 1704 1115 1809 copiam
1138 1706 1297 1780 Karolus
1321 1732 1385 1780 rex
1405 1706 1619 1797 resistendi,
1646 1735 1749 1813 papae
1775 1709 1940 1787 donariis

515 1833 629 1908 sancti
650 1832 749 1909 Petri
773 1833 1063 1923 commendatis,
1091 1862 1260 1910 reversus
1282 1851 1355 1925 est,
1382 1834 1691 1942 infirmatusque,
1709 1837 1807 1915 intra
1825 1838 1941 1947 Alpes

516 1958 610 2038 obiit
626 1990 676 2040 111.
698 1991 816 2040 nonas
836 1963 1011 2039 octobris.
1034 1962 1152 2069 Cujus
1168 1989 1303 2067 corpus
1324 1962 1464 2039 milites
1484 1990 1531 2042 xv
1552 1962 1687 2043 diebus
1712 1968 1942 2047 aromatibus

516 2091 710 2169 conditum
730 2090 912 2182 ferentes,
930 2120 1016 2167 cum
1032 2089 1169 2180 fetore,
1187 2109 1342 2198 propter
1358 2092 1539 2185 calorem,
1558 2114 1811 2200 gravarentur,
1830 2100 1942 2177 mise-

515 2240 605 2300 runt
623 2223 663 2299 in
688 2240 845 2299 tonnam
869 2221 1048 2298 vinariam
1077 2222 1170 2300 alios
1195 2250 1242 2303 xv
1266 2222 1357 2300 dies.
1379 2221 1551 2301 Tandem
1573 2224 1692 2303 nimio
1715 2226 1835 2304 fetore
1858 2252 1941 2337 gra-

514 2352 586 2429 vati
604 2352 712 2455 (nam
728 2352 774 2429 ad
791 2369 959 2430 sanctum
978 2350 1192 2429 Dionisium
1214 2381 1301 2430 eum
1317 2353 1517 2431 transferre
1539 2355 1760 2461 cupierant),
1783 2358 1938 2438 demum

503 2485 617 2575 ,victi
638 2483 677 2560 in
703 2482 930 2561 monasterio
950 2483 1135 2561 Nantuato
1154 2484 1400 2592 Burgundiae‚
1423 2483 1527 2591 quod
1549 2484 1686 2562 dicitur
1705 2486 1752 2562 ad
1770 2504 1937 2567 sanctum

516 2613 755 2705 Marcellum,
773 2613 1014 2721 sepelierunt.
1032 2613 1279 2703 Hludovicus‚
1307 2614 1408 2694 filius
1428 2616 1529 2724 ejus,
1554 2644 1619 2692 rex
1639 2616 1878 2696 constituitur
1897 2620 1937 2696 in

515 2746 753 2853 Compendio
774 2745 924 2850 palatio.

1149 2906 1308 2982 LVIII.

1065 3087 1103 3127 DE
1124 3085 1252 3127 FOLCONR
1272 3087 1392 3128 austra.

570 3248 756 3328 Successit
770 3245 922 3325 interim
936 3245 1117 3324 Hilduino
1137 3244 1177 3321 in
1197 3245 1343 3323 abbatia
1363 3245 1478 3359 Foleo
1492 3248 1710 3336 canonicus,
1729 3276 1763 3328 v.
1781 3250 1865 3327 idus
1885 3253 1941 3329 se·

514 3381 668 3472 binarii,
683 3379 903 3458 dominicar.
918 3378 958 3455 in
969 3376 1264 3485 quadragesima,
1277 3376 1447 3482 rexitque
1460 3377 1556 3453 hanc
1567 3404 1635 3482 per
1644 3361 1936 3484 quatriennium.

515 3513 709 3623 Suboujus
717 3528 900 3618 tempore,
912 3510 1073 3588 ambitus
1083 3508 1223 3587 castelli
1230 3506 1725 3585 circamonasterium'sancti
1733 3510 1875 3587 Bertini
1883 3529 1940 3589 est

516 3644 727 3734 dimensus,
750 3659 787 3719 et
801 3670 869 3747 per
884 3641 1089 3716 ministeria
1106 3639 1344 3728 distributus3
1361 3637 1447 3727 sed,
1463 3637 1638 3743 plurimis
1661 3637 1773 3716 rebus
1789 3640 1940 3718 obstan·
2011 3642 2014 3647 ’

513 3774 634 3865 tibus,
650 3800 727 3851 non
743 3786 799 3867 est
812 3768 1011 3875 perfectus.
1027 3769 1147 3877 Hujus
1157 3796 1256 3845 anno
1272 3769 1412 3873 primo,
1428 3768 1826 3847 monasteriumsancti
1838 3771 1938 3848 Petri

515 3923 553 3984 et
571 3903 686 3983 sancti
703 3899 863 3991 bertini,
883 3900 961 4009 jam
983 3899 1059 3977 vice
1082 3899 1197 3976 altera
1216 3928 1236 3975 a
1259 3898 1511 3977 Nordmannis
1531 3917 1587 3976 est
1605 3900 1801 3977 incensum
1824 3928 1857 3981 v.
1877 3902 1938 3978 la-

515 4034 646 4113 lendas
661 4032 823 4143 augustia
845 4047 883 4107 et
897 4028 1042 4138 eclipsis
1067 4029 1155 4107 solis
1175 4048 1305 4136 quarta
1321 4029 1414 4107 facta
1433 4047 1488 4107 est
1507 4029 1657 4107 kalend.
1677 4030 1892 4110 novembris
1904 4037 1935 4122 ¹,

514 4191 578 4244 nu.
594 4162 701 4257 teria,
720 4163 812 4240 hora
827 4184 929 4254 vum,
946 4176 983 4236 et
1002 4159 1208 4237 mortalitas
1223 4160 1423 4238 hominum
1440 4178 1478 4236 et
1488 4188 1670 4266 pecorum
1686 4189 1831 4268 magna.
1844 4161 1936 4240 Hlu-

514 4295 668 4373 dovicus
697 4310 842 4387 autem,
870 4284 972 4369 filius
998 4282 1125 4369 Karoli
1151 4290 1404 4399 imperatoris,
1433 4319 1532 4368 anno
1559 4283 1665 4399 regni
1687 4288 1744 4367 sui
1770 4292 1937 4371 seeundo

513 4425 678 4503 necdum
692 4421 854 4531 expleto,
869 4420 964 4500 obiit
978 4421 1216 4528 Compendio
1228 4418 1383 4530 palatio,
1402 4446 1435 4502 v.
1453 4418 1537 4498 idus
1553 4418 1692 4529 aprilis,
1705 4449 1803 4497 anno
1817 4416 1938 4499 incar·

512 4557 674 4636 nationis
693 4555 847 4636 Domini
867 4581 1118 4636 ncccnxxvuu.
1137 4548 1286 4634 Deinde
1306 4552 1374 4631 filii
1398 4555 1478 4662 ejus
1495 4548 1725 4634 Hludovicus
1748 4572 1785 4633 et
1805 4546 1937 4631 Ilarlo-

514 4717 673 4768 mannus
683 4716 841 4801 regnum
857 4685 1089 4793 ejusinterse
1100 4685 1337 4792 dispertiunt.
1350 4686 1472 4764 Isdem
1486 4703 1612 4763 autem
1625 4715 1689 4763 rex
1702 4676 1933 4762 Hludovieus

557 4854 565 4886 ¹
587 4855 697 4938 corrig.
712 4850 875 4937 tumultu.
892 4850 1049 4953 mombis,
1062 4851 1082 4911 ἰ.
1096 4870 1121 4912 e.
1133 4823 1298 4934 apostolic.
