4478 5842
626 494 753 569 rsus
786 462 1429 580 sarus-roaoorarsrn
1450 491 1499 562 11.
1580 504 1583 511 ·
1708 489 1782 562 ras

363 637 694 718 mustitntienibus
720 650 760 715 et
779 634 996 713 firmitatem
1027 651 1065 712 et
1097 626 1356 711 defensionem
1376 621 1651 722 adhiberinhss
1664 629 1783 736 idque

361 768 473 849 nobis
492 769 606 846 vitam
632 784 670 845 et
688 767 856 844 futuram
879 764 1156 843 beatitudinem
1180 748 1423 870 profuturum
1446 758 1782 863 noncdubitamus.

360 898 541 978 Norerint
554 899 670 1009 igitur
683 925 817 977 omnes
832 895 968 974 fideles
984 912 1119 974 sancte
1132 894 1204 973 Dei
1220 893 1382 971 eeclesiae
1398 908 1436 970 et
1449 885 1786 997 uostrizpraesentes

360 1047 473 1137 atque
485 1030 619 1120 futuri,
635 1029 725 1137 quia
733 1026 957 1105 venerabilis
967 1026 1026 1104 vir
1035 1024 1275 1115 Humfridus,
1289 1024 1489 1129 episcopus
1499 1019 1785 1112 etabhas,:nos·
1825 1100 1830 1119 ,

358 1178 456 1239 tram
479 1160 592 1268 petiit
611 1158 883 1238 sublimitatem
904 1157 952 1233 de
974 1154 1121 1233 cellulis
1135 1154 1364 1261 quibusdam
1385 1153 1426 1229 in
1449 1152 1588 1231 diocesi
1608 1161 1691 1244 sira,
1714 1153 1785 1231 sci·

358 1291 448 1369 licet
468 1292 507 1366 in
521 1291 606 1368 loco
626 1305 846 1393 nuncupato
864 1286 989 1365 Sancti
1006 1285 1228 1374 salvatoris,
1247 1286 1322 1363 sive
1342 1283 1592 1377 stenedland,
1603 1311 1728 1392 -quam
1743 1285 1784 1361 in

360 1423 507 1498 honere
545 1418 692 1497 domini
719 1419 790 1498 Dei
813 1418 1013 1496 Salvatoris
1040 1417 1156 1494 lhesu
1189 1415 1330 1494 Christi
1361 1412 1585 1495 venerabidis
1613 1432 1785 1492 mannua

358 1551 558 1644 Bertruda,
576 1578 652 1628 una
667 1548 852 1627 cumillis
871 1545 1073 1635 Goiberto,
1095 1545 1246 1623 in-dote
1267 1573 1335 1623 sot
1347 1545 1784 1652 statuit,⁴Romamspor-
1818 1566 1831 1595 ¹

358 1710 466 1789 gens3
487 1678 708 1787 ibidemque
727 1680 840 1756 vitam
859 1677 1014 1767 finiens,
1036 1694 1075 1754 et
1091 1676 1222 1783 nepoti
1237 1674 1476 1766 Guntberto,
1495 1674 1783 1769 lilioGoiberti,

357 1811 424 1916 qui
438 1810 563 1888 adhuc
577 1822 764 1918 superest,
786 1809 1094 1899 conservandam,
1112 1825 1148 1884 et
1166 1808 1218 1883 ad
1235 1806 1307 1885 Dei
1327 1806 1528 1884 servitium
1537 1812 1785 1915 augmentan-

359 1941 446 2017 dam
463 1943 636 2047 deputari
650 1940 862 2019 voluerunt.
880 1940 957 2017 Sed
977 1940 1073 2017 etin
1093 1938 1169 2015 alie
1188 1938 1291 2027 loco,
1315 1937 1495 2016 ininsula
1518 1954 1634 2043 super
1646 1936 1786 2048 dgnio-

358 2097 464 2162 nam,
478 2070 586 2178 juxta
600 2059 871 2182 monasterium
891 2070 1007 2147 sancti
1021 2068 1183 2159 bertini,
1207 2097 1322 2175 quam
1339 2085 1570 2145 memoratus
1583 2068 1785 2149 Gundben

356 2216 418 2277 tus
430 2228 510 2307 per
533 2201 810 2278 ordinationem
831 2218 870 2278 et
890 2199 1120 2307 adjutorium
1135 2198 1339 2305 praescripti
1352 2197 1576 2303 uenerabilis
1598 2201 1781 2308 episcopi,

357 2324 502 2437 perque
522 2330 685 2409 aliorum
705 2331 763 2408 sui
778 2331 1082 2436 propinquorum
1104 2345 1142 2405 et
1157 2329 1364 2405 amicorum
1381 2327 1576 2423 solatium,
1599 2331 1646 2407 ad
1666 2332 1784 2438 ipsius

357 2460 512 2539 Domini
526 2460 728 2539 Salvatoris
740 2459 962 2537 famulatum
976 2476 1102 2565 aptare
1116 2459 1328 2548 contendit,
1351 2457 1475 2535 adhuc
1492 2487 1589 2565 pene
1606 2458 1783 2541 omnibus

358 2592 576 2669 necessariis
596 2608 803 2697 expertem,
820 2606 862 2665 ut
882 2591 961 2695 ipsa
975 2589 1055 2666 loca
1069 2606 1211 2677 sancta,
1229 2616 1316 2665 cum
1331 2586 1446 2665 rebus
1464 2589 1632 2696 parvulis·
1642 2599 1784 2700 appen-

358 2720 554 2812 dentibus,
586 2721 691 2829 regio
717 2737 855 2797 statuto
882 2737 919 2796 et
945 2719 1164 2796 defensione
1188 2718 1466 2797 roboraremus.
1494 2720 1676 2816 Proinde,
1703 2725 1782 2804 vice

357 2851 446 2940 Dei,
470 2850 712 2928 decernimus
731 2851 1019 2956 firmamusque,
1043 2866 1080 2926 et
1098 2877 1167 2955 per
1187 2847 1313 2925 futura
1331 2866 1503 2954 tempora
1522 2850 1634 2928 etiam
1658 2852 1782 2932 divina

358 2982 617 3089 conjuratione
640 2980 948 3086 constringimus,
964 2996 1008 3057 ut
1028 2979 1106 3055 hacc
1122 2977 1205 3056 loca
1219 2996 1346 3056 sancta
1363 2978 1411 3055 ad
1427 2981 1613 3059 honorem
1637 2983 1781 3062 domini

357 3111 427 3190 Dei
448 3109 647 3190 salvatoris
666 3109 784 3187 nostri
803 3111 922 3187 Jhesu
943 3108 1083 3187 Christi
1098 3137 1175 3189 una
1190 3107 1466 3218 gubernatione
1484 3109 1782 3220 inseparabiliter

358 3241 537 3334 hereant,
563 3241 658 3319 etin
679 3242 733 3318 eis
749 3241 832 3319 Deo
854 3240 1036 3319 Salvatori
1056 3240 1283 3320 famulantes
1302 3239 1430 3321 obtata
1445 3242 1580 3348 quiete·
1593 3244 1779 3338 fruantur,

357 3372 475 3450 nichil
502 3373 773 3451 contrarietatis
789 3372 850 3449 vel
877 3402 897 3448 a
921 3371 1081 3477 praelatis
1101 3372 1280 3464 ecclesiae,
1297 3372 1357 3449 vel
1381 3373 1588 3451 asaeculari
1611 3377 1780 3481 potentia

355 3505 600 3591 sustinentes;
620 3527 756 3610 resque
779 3502 976 3608 apraefatis
995 3503 1198 3594 Bertruda,
1222 3474 1425 3594 Goibertoi
1443 3502 1674 3595 Guntbert0‚
1695 3506 1778 3587 Deo

356 3634 536 3715 Salvatori
562 3636 708 3728 dicatae,
729 3635 788 3711 vel
809 3635 1065 3742 undecunque
1086 3650 1353 3742 augmentatae,
1373 3651 1428 3726 et,
1447 3635 1518 3713 Dei
1535 3637 1668 3744 gratia,
1689 3668 1778 3749 eug-

353 3765 586 3856 mentandae,
609 3763 663 3840 nil
678 3763 836 3843 omnino
850 3762 1097 3870 praesentibus
1116 3762 1329 3872 futurisque
1343 3764 1581 3872 temporibus
1600 3766 1776 3874 cuiquam

355 3922 523 3999 personae
542 3895 601 3973 vel
620 3895 793 4003 dignitati
812 3894 1000 3986 exolvunt,
1021 3895 1099 3972 ulla
1114 3896 1323 3987 occasione,
1340 3898 1507 4004 quamvis
1524 3898 1629 3979 valde
1643 3928 1777 3981 neces·

355 4026 449 4101 saria
459 4024 665 4132 judicetur,
682 4026 753 4103 nisi
772 4024 912 4101 victum
928 4025 1181 4130 vestitumque
1201 4025 1345 4103 ibidem
1359 4028 1439 4104 Deo
1461 4031 1719 4124 servientium,
1737 4052 1776 4113 et

355 4152 555 4232 luminaria
581 4183 672 4231 cerae
699 4153 850 4259 oleique
873 4154 1030 4259 reliquis
1058 4154 1214 4258 sanctis,
1241 4172 1281 4232 et
1301 4158 1518 4237 necessariis
1538 4164 1799 4251 restauratio,

355 4286 430 4379 nis,
452 4314 510 4376 ac,
531 4313 600 4392 pro
620 4284 812 4375 facultate,
835 4313 922 4363 cura
947 4313 1157 4392 pauperum
1181 4284 1467 4394 hospitumque,
1489 4306 1544 4379 et,
1569 4295 1674 4373 omni
1693 4316 1773 4376 stu-

355 4414 420 4493 dio
433 4415 691 4523 praefatorum,
708 4443 870 4495 annuam
885 4416 1286 4497 commemorationem
1298 4416 1341 4495 in
1355 4416 1561 4499 elemosina
1572 4425 1688 4505 serris
1700 4413 1772 4508 Dei
1795 4398 1803 4413 .

354 4563 394 4623 et
410 4547 655 4654 pauperibus3
674 4561 713 4625 et
732 4577 817 4625 cum
836 4550 941 4626 omni
957 4547 1171 4657 integritate
1194 4565 1233 4627 et
1252 4549 1483 4657 appendiciis
1500 4581 1656 4634 suorum
1676 4557 1773 4638 loco·
1817 4618 1826 4631 .

255 4677 256 4681 ’
353 4701 456 4770 rum,
472 4695 548 4755 tam
569 4679 609 4753 in
629 4679 740 4756 terris
760 4706 874 4784 quam
894 4679 935 4756 in
959 4676 1171 4786 mancipiis,
1194 4680 1383 4790 rebusque
1405 4681 1654 4791 inexquisitis,
1675 4688 1772 4766 sicut

355 4833 458 4886 nunc
476 4809 731 4916 possidentur,
760 4809 841 4888 sine
861 4809 987 4918 aliqua
1014 4808 1289 4898 substractione
1313 4814 1373 4892 vel
1392 4813 1662 4907 diminutione,
1689 4844 1772 4896 me-

1494 4959 1545 5004 21.
