4478 5842
607 438 938 530 rnns‘rmnn.
957 498 1008 510 -
1026 455 1275 544 sonorum
1300 460 1392 530 mn.
1419 464 1446 532 1.
1692 470 1737 541 55

320 599 497 707 apostolis
515 602 625 676 Petro
647 616 686 676 et
707 597 840 689 Paulo,
860 614 899 674 et
917 613 1044 675 sancto
1058 578 1238 688 Martino,
1261 615 1465 707 sanctoque
1483 604 1656 696 bertino,
1678 610 1740 684 cui

318 733 436 839 ipsam
458 731 588 808 cellam
611 729 885 836 delegavimus,
915 745 1002 805 ante
1026 727 1192 805 tribunal
1220 728 1360 807 Christi
1386 759 1454 837 pro
1479 734 1552 810 hoc
1580 735 1742 814 deducat

316 863 496 952 rationes3
511 878 550 938 et
572 862 619 938 de
641 888 775 939 eorum
790 858 956 937 ecclesiis
971 859 1291 936 excommunicata
1305 878 1343 938 et
1357 879 1530 940 extranea
1545 863 1739 959 efficiatur,

317 1021 364 1070 ne
377 993 430 1070 ibi
445 994 578 1071 exinde
590 1009 815 1098 compareat3
834 1008 872 1068 et
886 991 1042 1096 insuper
1053 989 1189 1069 inserat
1198 993 1369 1097 partibus
1381 994 1498 1099 ipsius
1508 1000 1738 1088 monasterii,

271 1168 275 1173 ·
316 1140 471 1229 cogente
493 1124 601 1215 fisco,
617 1138 765 1198 tantum
784 1137 822 1196 et
841 1120 913 1198 alia
931 1137 1099 1211 tantum,
1118 1139 1303 1227 quantum
1325 1125 1402 1230 ipsa
1423 1124 1517 1201 cella
1534 1143 1627 1203 tunc
1645 1145 1742 1206 tem-

313 1254 417 1358 poris
441 1253 657 1330 emeliorata
680 1250 854 1341 valuerit,
879 1251 938 1327 vel
959 1267 1144 1357 quantum
1165 1279 1235 1360 ego
1259 1253 1298 1328 in
1323 1255 1397 1331 hoc
1417 1255 1546 1332 seculo
1575 1259 1741 1335 moriens

241 1410 261 1441 ι·
315 1382 571 1490 dereliquero,
596 1381 751 1488 duplam
771 1380 990 1487 pecuniam,
1018 1397 1202 1487 quantum
1227 1383 1307 1488 ipsa
1330 1383 1423 1460 cella
1443 1402 1536 1462 tunc
1558 1389 1741 1496 temporis
1800 1404 1823 1449 ἑ

316 1513 532 1593 emeliorata
547 1515 720 1604 valuerit,
735 1542 823 1590 cum
838 1512 1017 1589 omnibus
1031 1512 1147 1590 rebus
1161 1513 1306 1591 ibidem
1322 1516 1602 1621 aspicientibus,
1619 1520 1739 1598 multa

315 1663 532 1751 componat,
555 1661 593 1722 et
607 1644 714 1751 quod
734 1643 873 1749 repetit
893 1642 1105 1739 evindicare
1127 1671 1206 1722 non
1225 1643 1354 1723 valeat.
1377 1645 1454 1724 Sed
1469 1647 1548 1724 haec
1564 1648 1736 1740 donatio,

314 1770 448 1851 uthaec
459 1802 604 1851 merces
619 1802 719 1867 mea,
737 1773 1025 1880 omnitempore
1036 1773 1146 1851 lirina
1157 1792 1377 1882 permaneat
1392 1805 1480 1854 cum
1494 1777 1738 1884 stipulatione

314 1903 482 1980 subnixa.
743 1996 749 2005 Ι

371 2033 531 2111 «Actum
547 2034 671 2113 Sithiu
683 2035 912 2113 monasterio
925 2034 1089 2139 publice,
1104 2062 1179 2115 ιιιιι.
1196 2035 1267 2112 kal.
1285 2055 1434 2143 august.
1451 2065 1614 2117 annom.
1630 2043 1737 2148 regni

314 2164 446 2242 domni
473 2166 593 2243 nostri
612 2166 792 2241 Hilderici
814 2164 967 2270 gloriosi
991 2167 1100 2269 regis.
1704 2186 1708 2191 '

370 2333 473 2439 «Ego
490 2333 605 2409 Fam
624 2331 698 2409 hoc
715 2344 1002 2417 testamentum,
1024 2357 1044 2404 a
1064 2356 1127 2405 me
1142 2327 1300 2420 lactum,
1322 2328 1438 2436 relegi
1461 2346 1500 2405 et
1518 2330 1733 2438 subscripsi.

261 2566 272 2585 ,
375 2497 522 2578 «Signum
550 2498 753 2566 Cnnoncnan,
781 2494 910 2555 illustris.
942 2494 1069 2576 Signum
1096 2496 1255 2555 limacum.
1285 2495 1410 2576 Signum
1438 2495 1581 2558 Onnrarr.
1610 2498 1735 2582 Signum

436 2598 617 2661 Gononnnrr.
635 2598 762 2679 Signum
782 2595 940 2658 Guuwnu.
955 2596 1081 2677 Signum
1093 2596 1256 2658 VVaruucr.
1272 2596 1398 2677 Signum
1412 2595 1592 2659 Gourornrr.
1608 2598 1734 2681 Signum

436 2701 583 2763 Cunnum.
599 2700 724 2782 Signum
739 2697 865 2758 Ειιιιιιιι
877 2696 897 2758 ¹.
918 2696 1043 2777 Signum
1064 2695 1240 2757 Cronmnur.
1257 2696 1381 2778 Signum
1401 2698 1590 2761 Carnuntum.
1609 2699 1734 2784 Signum

436 2804 628 2871 Gurrnann,
654 2800 810 2862 sacerdotis
819 2798 840 2860 ¹.
863 2798 990 2881 Signum
1006 2798 1191 2862 Curanwmr.
1214 2797 1339 2881 Signum
1361 2799 1546 2864 Ausrnoannr
1565 2806 1733 2867 centenarii.

437 2905 562 2986 Signum
580 2899 799 2963 Temnumn'.

395 3055 405 3080 ι
416 3025 477 3108 Ego
490 3026 661 3091 Vronnnus,
675 3021 829 3089 diaconus,
843 3032 974 3104 rogatus,
993 3021 1095 3104 scripsi
1110 3033 1140 3084 et
1152 3021 1319 3105 subscripsi.
1333 3050 1345 3078 ι

917 3269 1110 3345 XXXIV.

487 3518 491 3523 ⁵
541 3439 544 3443 ⁸
567 3457 604 3496 DF·
625 3455 722 3498 uonrss
740 3453 908 3501 ΗΙΙιῦΕΒΙΕῙ,
929 3453 964 3495 ΕΤ
986 3432 1130 3497 UXGTIONE
1152 3453 1277 3502 Plrrml,
1300 3453 1334 3493 iil*
1350 3454 1467 3494 OETERA.

365 3630 447 3704 Non
472 3640 557 3732 post
582 3623 705 3703 multo
733 3642 860 3702 autem
878 3639 1066 3728 tempore,
1094 3621 1305 3699 antedictus
1327 3648 1392 3697 rex
1412 3618 1625 3696 Hildericus
1650 3622 1730 3698 vitae

309 3756 482 3835 ultimam
499 3754 677 3832 claudens
696 3773 851 3846 metam,
870 3752 997 3832 Sithiu
1011 3750 1258 3844 monasterio,
1274 3750 1315 3827 in
1327 3750 1429 3828 beati
1445 3748 1587 3826 Bertini
1601 3765 1730 3825 tumu-

308 3885 408 3961 latur
430 3884 595 3961 ecclesia.
614 3885 767 3962 Mortuo
783 3910 936 3989 quoque
957 3882 1100 3987 prefato
1120 3881 1253 3959 abbate
1273 3880 1492 3971 Nanthario,
1516 3878 1729 3957 Dadbertus

309 4015 348 4089 in
368 4014 551 4121 regimine
572 4013 750 4090 successit
763 4013 803 4086 in
818 4012 898 4117 jam
920 4011 1021 4085 dicto
1036 4011 1277 4086 monasterio.
1298 4010 1365 4086 His
1388 4008 1624 4114 temporibus
1646 4008 1730 4086 Ste-

308 4146 455 4250 phanus
468 4144 658 4218 Romanus
672 4139 850 4247 pontifex,
867 4168 935 4245 per
956 4139 1238 4244 oppressionem
1254 4156 1386 4216 sanctae
1402 4138 1580 4229 ecelesiae,
1602 4168 1623 4213 a
1642 4166 1728 4244 rege

309 4272 539 4351 atrocissimo
563 4288 600 4349 et
628 4270 850 4377 blasphemo
881 4287 919 4347 et
949 4296 1019 4346 nec
1053 4248 1213 4347 dicendo
1238 4266 1440 4357 Hatstulfo,
1467 4267 1514 4343 ad
1545 4267 1729 4345 domnum

308 4404 511 4511 Pippinum
523 4403 625 4479 venit
639 4403 679 4479 in
693 4402 860 4494 Francia,
868 4399 942 4519 pbi
956 4401 1145 4509 aegrotavit
1155 4430 1274 4507 usque
1290 4400 1338 4477 ad
1348 4414 1524 4486 mortem,
1542 4415 1580 4475 ct
1594 4399 1732 4476 mansit

310 4533 464 4640 aliquod
487 4552 638 4640 tempus
662 4533 764 4640 apud
784 4561 921 4642 pagum
945 4532 1189 4637 Parisiacum,
1211 4532 1250 4609 in
1274 4528 1478 4610 venerabili
1502 4531 1729 4609 monasterio

352 4697 360 4728 ¹
382 4697 412 4761 S.
423 4698 549 4758 Dramni.
560 4696 590 4760 S.
597 4684 710 4784 'Erlufi
720 4696 841 4760 Warnl.
1090 4698 1100 4729 ⁸
1121 4696 1241 4761 Warnlr.
1257 4696 1340 4780 legit,
1359 4693 1517 4763 Beretum
1532 4694 1682 4778 additque.
1696 4694 1725 4755 S.

351 4801 361 4832 ¹
382 4800 412 4866 S.
427 4800 605 4865 childebaldi.
617 4801 648 4866 S.
661 4802 805 4866 Gumbcrii
812 4803 937 4865 scauuini.
947 4802 990 4863 ld.
1050 4801 1212 4866 Gumotddi.
1223 4800 1256 4865 S.
1267 4798 1422 4865 Nordberti.
1432 4798 1461 4864 S·
1476 4797 1664 4881 VVideprimo.
