4478 5842
655 473 1067 548 CHARTULARIUM
1101 472 1390 547 SITHIENSE.

933 757 1095 839 mxlv.

768 945 804 984 DE
827 942 924 985 PUGNA
946 944 1051 985 annom
1073 944 1104 985 ΙΝ
1126 942 1269 985 vtttctaco.

376 1123 417 1196 ln
443 1120 576 1226 prelati
602 1139 728 1199 autem
752 1124 850 1231 regis
872 1122 1077 1227 Chilperici
1105 1140 1293 1227 tempore,
1325 1121 1483 1201 Karolus
1508 1123 1599 1215 dux,
1627 1122 1729 1201 lilius

216 1308 218 1314 .
314 1251 475 1357 Pippini‚
492 1252 539 1327 alr
554 1251 689 1329 Auster
703 1254 924 1344 adveniens,
941 1270 1132 1331 commoto
1146 1253 1328 1344 exercitu,
1349 1271 1477 1332 contra
1487 1255 1564 1361 jam
1585 1254 1727 1331 dictum

311 1380 568 1487 Chilpericum
583 1412 710 1493 regem
727 1402 765 1461 et
777 1382 1057 1491 Ragemfridum
1073 1383 1175 1461 illius
1193 1382 1339 1474 ducem,
1357 1413 1521 1494 pugnam
1539 1385 1634 1460 iniit.
1652 1383 1728 1461 Sed

311 1511 429 1617 prius,
445 1540 530 1589 ceso
552 1514 631 1618 ejus
644 1515 821 1602 exercitu,
843 1531 948 1620 terga
965 1513 1086 1590 vertit.
1103 1515 1235 1588 Postea
1255 1530 1402 1604 autem,
1422 1512 1626 1618 resumptis
1643 1510 1729 1589 viri-

310 1644 400 1730 bus,
430 1661 559 1720 contra
584 1642 840 1747 Chilpericum
864 1644 1012 1720 hostem
1038 1640 1155 1717 movit
1179 1639 1241 1716 dio
1262 1639 1472 1733 dominico,
1501 1643 1541 1716 in
1563 1641 1728 1734 Quadra·

309 1773 460 1879 gesima.
487 1772 563 1849 Sed
585 1772 744 1851 Karolus
768 1773 874 1880 prius
897 1800 1028 1877 pacem
1052 1769 1134 1847 fieri
1154 1770 1307 1876 rogavit.
1332 1769 1411 1847 Illis
1435 1797 1513 1847 non
1533 1770 1726 1862 dantibus,

310 1931 476 2010 pugnam
502 1902 588 1978 iniit
612 1929 674 1979 xn.
701 1902 770 1980 kal.
797 1901 921 2008 april,
948 1903 1105 2007 Deoque
1132 1899 1302 2005 juvante,
1327 1899 1424 1976 victo
1446 1898 1660 2003 Chilperico
1690 1918 1729 1976 et

310 2031 560 2140 Ragemfrido,
572 2033 765 2111 victoriam
776 2032 928 2137 accepit.
941 2033 984 2106 ln
998 2031 1071 2106 hoc
1080 2045 1209 2106 autem
1221 2045 1393 2132 tempore
1403 2026 1537 2105 beatus
1549 2028 1725 2120 Silvinus,

309 2164 587 2241 Taruennensis
597 2164 808 2271 episcopus,
824 2161 969 2252 floruit,
983 2160 1185 2238 virtutibus
1198 2176 1237 2238 et
1247 2157 1441 2237 sanctitate
1452 2156 1604 2264 plenus,
1620 2161 1727 2267 cujus
1792 2170 1798 2179 '

309 2321 411 2369 nunc
429 2294 469 2370 in
483 2292 611 2373 sithiu
626 2292 889 2372 venerabiliter
902 2294 1104 2370 humatum
1119 2309 1250 2398 pausat
1264 2318 1411 2397 corpus.
1428 2290 1580 2368 Peracta
1597 2308 1724 2370 autem

308 2453 418 2529 supra
444 2441 651 2502 memorata
678 2453 827 2535 pugna,
853 2425 993 2502 iterum
1018 2422 1255 2529 Chilpericus
1281 2449 1346 2498 rex
1377 2449 1464 2499 cum
1486 2421 1726 2529 Ragemfrido

307 2556 506 2632 Eudonem
524 2556 661 2631 ducem
675 2555 716 2630 in
736 2554 917 2631 auxilium
933 2570 1166 2658 expetentes,
1189 2567 1318 2630 contra
1332 2552 1514 2628 Karolum
1530 2553 1584 2628 ire
1601 2553 1726 2659 dispo-

306 2703 414 2762 nunt.
430 2685 581 2777 Quibus
596 2681 756 2761 Karolus
771 2709 972 2773 occurrens
986 2683 1214 2789 intrepidus,
1230 2681 1366 2790 fugatis
1380 2683 1519 2759 iterum
1533 2683 1722 2776 hostibus,

306 2814 544 2918 triumphum
562 2829 619 2888 est
632 2812 807 2918 adeptus]
820 2812 981 2891 Karolns
997 2831 1121 2920 autom
1143 2843 1231 2893 cum
1249 2813 1408 2905 Eudone
1431 2814 1525 2890 duce
1545 2812 1726 2893 amicitias

307 2962 436 3049 postea
462 2941 621 3031 feriens,
644 2958 681 3016 et
715 2971 801 3018 eum
822 2941 1036 3046 Chilperico
1065 2971 1152 3051 rege
1177 2942 1420 3049 pacificatus,
1436 2972 1525 3021 eum
1544 2944 1585 3020 in
1608 2974 1730 3056 regno

307 3073 482 3151 restituit.
501 3071 577 3148 Sed
596 3096 674 3148 non
690 3071 758 3148 diu
772 3071 813 3146 in
828 3071 898 3148 hac
912 3073 985 3150 vita
1005 3074 1161 3164 mansit,
1177 3090 1354 3153 mortuus
1368 3100 1533 3185 namque
1547 3092 1619 3169 eat,
1636 3106 1724 3155 cum

306 3219 497 3311 regnasset
521 3201 628 3280 annis
650 3228 673 3279 v
693 3218 731 3278 et
751 3201 927 3304 dimidio.¹
944 3204 1075 3280 Franci
1094 3231 1181 3284 vero
1200 3202 1500 3298 Theodericum,
1519 3207 1722 3314 Dagoberti

307 3335 404 3442 regis
425 3333 590 3439 junioris
609 3335 919 3442 supramemorati
939 3328 1088 3425 fitium,
1106 3363 1220 3442 super
1236 3365 1276 3415 se
1296 3365 1424 3448 regem
1444 3352 1624 3417 statuunt.
1647 3339 1722 3433 Qui

305 3463 448 3571 prelato
467 3465 735 3543 Erkenbodoni
762 3463 886 3542 abbati
911 3464 1148 3576 privilegium
1173 3468 1366 3573 quoddam
1394 3470 1595 3561 concessit,
1621 3472 1722 3578 regia

305 3596 522 3674 auctoritate
537 3595 764 3674 confirmans
777 3626 820 3674 ea
835 3626 917 3704 quae
931 3598 977 3674 ab
993 3599 1291 3677 antecessoribus
1303 3599 1379 3678 suis
1391 3616 1518 3678 sancto
1530 3600 1621 3676 huic
1635 3600 1720 3679 loco

306 3744 361 3804 est
380 3755 616 3817 concessum,
641 3728 746 3833 quod
765 3729 827 3805 hic
847 3728 959 3806 etiam
975 3757 1040 3834 pre
1057 3729 1175 3811 oculis
1194 3728 1319 3809 taliter
1340 3729 1502 3809 habetur
1519 3729 1716 3808 insertum.

923 4026 1072 4100 axv.
1688 4004 1730 4041 ··''

830 4164 839 4183 ι
1641 4130 1713 4205 (ςῶ

829 4226 980 4266 exaurata
1003 4225 1161 4268 aatvrrnou
1172 4205 1188 4264 ¹.

83 4418 185 4475 aanor.
197 4441 259 4492 721.
357 4399 640 4478 «Theodericus
658 4429 720 4477 rex
740 4403 979 4480 Francorum.
1004 4405 1053 4479 Ut
1073 4403 1282 4483 illustribus
1303 4402 1558 4514 gravionibus,
1585 4404 1652 4481 seu
1677 4420 1716 4480 et

301 4529 478 4610 omnibus
506 4530 718 4639 agentibus,
739 4533 798 4610 vel
818 4535 1033 4641 junioribus
1060 4562 1210 4627 eorum,
1239 4534 1322 4613 tam
1336 4534 1575 4643 presentibus
1600 4561 1715 4642 quam

161 4721 164 4725 -
297 4664 448 4756 futuris,
471 4662 509 4739 in
530 4662 895 4771 cujuscumquelibet
911 4665 1119 4745 actionibus
1135 4668 1353 4746 monasterii
1371 4668 1498 4746 sithiu
1511 4684 1641 4743 tenere
1654 4665 1714 4745 val

338 4833 345 4863 ¹
370 4833 485 4917 Vulgat.
503 4831 640 4898 ahliroeo,
657 4832 733 4911 Oper
746 4828 853 4911 diplom.
866 4843 886 4891 t.
899 4830 927 4902 I,
943 4853 971 4914 p.
992 4835 1063 4901 aa&
1080 4856 1096 4892 a
1111 4834 1219 4895 Mabill.
1239 4836 1282 4895 De
1293 4857 1322 4895 re
1334 4833 1443 4917 diplom.
1457 4855 1486 4916 p.
1501 4832 1649 4917 608·609.
