4478 5842
506 470 510 475 ’
578 478 707 555 PARS
733 476 912 551 PRIMA.
931 517 980 530 —
999 473 1258 564 F'OLQUINI
1283 476 1376 547 LIB.
1404 478 1452 547 ΙΙ.
1654 474 1723 549 127

304 621 343 695 in
370 649 464 726 pago
491 619 657 704 Vimiaco
683 647 769 696 cum
796 616 1048 695 Nordmaunis
1063 615 1210 693 bellum
1231 642 1383 722 gerens,
1408 615 1648 720 triumphum
1673 631 1729 691 ent

304 749 477 855 adeptus,
499 767 552 840 et,
574 777 651 827 nou
671 765 756 855 post
769 747 909 836 multo,
931 745 1044 837 obiit,
1065 772 1117 825 111.
1138 773 1257 822 nonas
1276 744 1439 852 augusti,
1457 772 1556 823 anno
1572 744 1727 822 Domini

304 906 512 958 occentum.
533 879 711 985 Regnavit
730 905 849 955 annos
862 904 903 967 11,
916 860 1065 954 mensae
1078 903 1129 952 ιιι.
1142 875 1214 953 Cui
1237 875 1414 953 successit
1427 875 1467 953 in
1483 903 1602 983 regno
1615 873 1730 951 frater
1817 865 1820 870 ⁵

309 1011 391 1117 ejus
407 1010 699 1099 Karlomannus3
721 1007 886 1116 regnavit
907 1006 1015 1084 annia
1033 1034 1091 1099 ιιι,
1115 1005 1251 1084 dicbus
1270 1033 1324 1098 v1;
1345 1005 1443 1084 obiit
1459 1033 1557 1083 anno
1573 1006 1729 1084 Domini

306 1167 558 1219 ncocnxxrunr.
582 1139 731 1216 Deinde
755 1136 930 1226 Karolus,
953 1163 1018 1213 rex
1039 1137 1265 1224 suavomm,
1286 1135 1387 1213 filius
1410 1135 1608 1213 Hludovici
1632 1137 1730 1242 regio

304 1271 543 1358 Noricorum,
561 1269 627 1375 qui
641 1282 720 1345 arat
734 1266 836 1346 [ilina
849 1265 1064 1357 Hludovici,
1082 1264 1152 1342 filii
1173 1264 1299 1343 Karoli
1314 1265 1459 1374 Magni,
1478 1265 1548 1343 filii
1564 1266 1727 1371 Pippini‚

307 1399 564 1477 monarchiam
578 1399 694 1477 totius
708 1397 856 1505 imperii
871 1399 1100 1475 Francorum
1116 1414 1154 1474 et
1169 1398 1427 1475 Romanorum
1442 1397 1614 1489 assumit,
1630 1425 1728 1474 auno

305 1528 421 1607 Verbi
444 1529 626 1607 incarnati
650 1551 871 1606 noconmv.
897 1526 1008 1605 Anno
1030 1544 1157 1605 autem
1175 1526 1300 1632 primo
1324 1526 1459 1633 prefati
1480 1527 1581 1635 regia
1597 1526 1729 1607 Karlo·

305 1665 453 1754 manni,
469 1663 709 1754 Hincmarun,
726 1661 958 1767 archipresul
976 1661 1172 1740 Remenaia
1184 1660 1367 1754 ecclesia,
1390 1661 1504 1770 obiit3
1521 1663 1582 1739 eui
1596 1660 1727 1754 Folco,

300 1794 380 1901 jam
401 1793 522 1871 dictus
542 1793 675 1885 abbas,
699 1793 739 1868 in
759 1791 894 1869 ordina
920 1792 1108 1871 successit
1137 1791 1234 1899 [Suo
1258 1809 1385 1870 autem
1403 1809 1593 1899 tempore,
1613 1792 1654 1869 id
1676 1810 1731 1871 est

305 1952 405 2002 anno
430 1925 684 2031 octuagesimo
705 1922 832 1999 minus
859 1923 995 2028 quinto
1007 1923 1031 2012 ¹,
1058 1921 1284 2014 Baiduinus,
1310 1921 1455 2029 primus
1483 1922 1730 2001 Fiandrarum

306 2082 448 2146 comes,
474 2054 585 2132 soluit
610 2052 781 2130 debitum
806 2052 955 2144 mortis,
977 2069 1177 2160 postquam
1201 2052 1272 2130 sub
1299 2050 1470 2131 habitum
1492 2053 1641 2135 monaci
1665 2052 1731 2129 adi-

304 2186 474 2291 quandiu
503 2185 543 2262 in
574 2185 734 2263 cenobio
761 2185 878 2261 sancti
905 2184 1050 2261 Bertini
1077 2183 1236 2262 vixisset.
1262 2183 1354 2291 Ejus
1380 2210 1514 2261 carnea
1539 2183 1662 2260 moles
1689 2185 1730 2260 in

305 2315 441 2392 codem
463 2315 624 2393 cenobio
648 2331 748 2392 terre
776 2314 995 2402 mandatum
1018 2342 1083 2393 cor
1104 2340 1195 2392 vero
1215 2331 1254 2391 ct
1275 2298 1451 2391 intestina
1473 2314 1513 2389 in·
1534 2311 1729 2391 Blandivio

304 2446 421 2522 sancti
437 2446 553 2536 Petri,
576 2447 622 2522 in
636 2444 785 2535 Gauda,
808 2444 1037 2522 monasterio
1052 2440 1170 2549 sunt]

960 2679 1072 2761 LIX.

849 2840 888 2883 DE
909 2839 1042 2884 RODUM)
1064 2839 1184 2885 mm·

359 2983 489 3088 ltaque
504 2982 669 3060 Foicone
680 2982 728 3059 ad
739 2961 1102 3088 archiepiscopatum
1111 2981 1330 3075 sublimato,
1343 2980 1531 3061 flodulfus
1543 2982 1730 3062 abbatum

301 3111 464 3218 suscepit
483 3113 523 3188 in
548 3112 686 3190 eodem
706 3140 817 3190 anno.
840 3110 928 3202 Cui,
951 3138 1051 3190 anno
1068 3113 1195 3219 primo
1215 3110 1344 3190 Karoli
1367 3113 1466 3224 regia
1484 3113 1728 3206 suavorum-²,

299 3241 455 3346 quidam
474 3243 541 3331 vir,
560 3241 731 3320 Rodinus
754 3242 928 3332 nomine,
949 3242 1124 3332 tradidit,
1148 3243 1197 3321 ad
1217 3272 1330 3322 usum
1350 3244 1567 3321 monasterii
1587 3247 1645 3323 aui
1673 3246 1732 3324 Si-

299 3371 401 3461 thiu,
423 3401 483 3449 ros
501 3372 741 3479 proprietatis
757 3400 849 3461 cua,
871 3400 940 3478 per
954 3373 1110 3451 nomina
1131 3374 1171 3453 iu
1187 3374 1306 3480 ipsius
1324 3373 1537 3452 traditionis
1555 3375 1656 3451 karta
1674 3376 1731 3451 in-

301 3518 413 3595 serta,
433 3532 518 3609 qua
536 3502 607 3582 suh
627 3503 700 3581 hoc
717 3520 851 3582 tenore
871 3520 928 3581 est
945 3502 1050 3583 facta.

975 3758 1062 3834 LX.

878 3938 1019 3982 raaomo
1040 3940 1152 3984 aomar.

360 4099 553 4177 «Domino
567 4112 694 4175 sancto
708 4115 747 4174 et
760 4095 966 4177 venerabili
980 4096 1075 4204 patri
1089 4096 1272 4193 Rodulfo,
1286 4098 1411 4185 abbati
1432 4099 1480 4179 de
1500 4102 1728 4182 monasterio
1776 4129 1869 4204 aopi.
1883 4130 1947 4187 aaa.

300 4228 417 4309 sancti
433 4229 534 4313 Petri
548 4244 838 4336 sanctourmque
855 4225 1115 4315 confessorum
1130 4228 1271 4315 Christi
1287 4228 1497 4317 automni
1512 4249 1624 4339 atque
1638 4234 1729 4323 Ber

299 4357 390 4453 tini,
412 4387 505 4466 ego,
527 4359 568 4441 in
582 4357 656 4440 Dei
675 4358 851 4450 nomine,
876 4358 1048 4447 audinus
1071 4359 1233 4445 traditor
1251 4377 1367 4471 atqua
1389 4379 1572 4471 precator.
1602 4364 1729 4447 Trado

299 4487 425 4595 itaque
452 4518 515 4571 rea
532 4489 775 4597 proprietatit
796 4518 889 4597 meac
908 4490 958 4573 ad
976 4490 1233 4599 praeruptum
1255 4491 1543 4587 monasterium
1570 4494 1610 4575 in
1633 4525 1729 4607 pago

345 4684 352 4716 ¹
376 4687 398 4749 l.
415 4710 440 4750 a.
450 4691 522 4772 875.
535 4689 642 4752 Obitus
652 4711 720 4752 vero
731 4690 870 4754 Balduini
885 4690 923 4754 ad
933 4713 986 4753 an·
1087 4690 1098 4721 ¹
1119 4691 1155 4752 A.
1165 4691 1276 4756 scilicet
1289 4691 1361 4757 883,
1374 4693 1442 4757 vid.
1456 4695 1593 4766 inferius,
1605 4717 1633 4781 p.
1653 4699 1727 4764 130,

302 4810 376 4851 num
391 4791 453 4876 879
466 4793 580 4854 ridetur
595 4793 798 4856 remittendus.
1044 4806 1106 4857 not
1122 4817 1147 4856 ι.
