4478 5842
507 511 633 582 psus
661 502 910 581 securus.
933 550 973 564 -
998 472 1210 580 srueius
1239 506 1329 579 ms.
1359 510 1405 579 u.
1596 508 1667 582 aas
1777 510 1783 519 ·

250 648 355 723 nensi
372 650 546 755 episcope
567 650 685 747 lactus
704 647 947 754 apostolicus,
966 665 1004 724 et
1021 644 1251 737 Clementie,
1278 647 1466 724 comitisse
1494 647 1670 723 Flandra-

249 804 353 866 rum,
380 809 595 888 germanus,
623 782 799 867 moritum
828 779 1078 883 successitque
1107 778 1309 854 Honorius.
1331 778 1508 882 Dumque
1532 779 1670 852 securi—

248 925 362 986 tatem
384 929 421 987 et
444 913 728 1017 prosperitatem
751 910 823 986 sibi
848 909 1066 1014 opinaretur
1092 908 1304 984 affuturamv
1321 906 1434 984 abbas
1461 909 1666 998 lohannes,

249 1038 376 1117 subito
397 1042 618 1131 sithienses,
637 1043 784 1119 levitate
805 1041 935 1131 solita,
958 1056 1086 1115 contra
1105 1067 1190 1114 eum
1213 1039 1483 1142 conspirantes,
1503 1067 1589 1114 eum
1612 1042 1669 1114 de-

248 1199 390 1274 ponere
413 1173 467 1263 vi,
491 1202 566 1250 non
593 1173 844 1256 accusatione,
866 1172 1052 1247 nituntur.
1078 1169 1154 1245 Sed
1171 1168 1411 1273 premunitus
1431 1197 1584 1243 suorum
1608 1171 1670 1244 ho-

248 1301 394 1376 minum
415 1303 592 1391 consilio,
616 1302 889 1406 conspiratores
910 1317 1035 1404 captos
1055 1326 1124 1404 per
1143 1298 1285 1374 diversa
1306 1298 1461 1375 cenobia
1482 1299 1665 1402 dispersit.

249 1430 329 1534 lpse
357 1432 470 1508 abbas
496 1431 688 1508 ecclesiam
719 1433 765 1507 de
795 1431 978 1538 Lisgnege
1007 1457 1093 1504 cum
1122 1428 1347 1532 appenditiis
1375 1429 1451 1503 suis
1472 1459 1491 1504 a
1513 1429 1667 1504 Simone

248 1562 473 1637 Tornacensi
491 1562 641 1666 presule
661 1562 731 1636 sibi
753 1560 955 1665 acquisivit.

916 1834 981 1908 CI.

621 2016 774 2057 excusauit
797 2014 986 2054 runntrtouls
1009 2013 1134 2054 ssnsbstt
1159 2015 1288 2054 ALTARIS.

304 2197 372 2270 «ln
393 2194 547 2272 nemine
573 2195 692 2270 Patris
711 2210 749 2269 et
772 2193 859 2269 Filii
874 2203 913 2269 et
935 2192 1098 2297 Spiritus
1121 2192 1260 2268 Sancti.
1283 2191 1436 2282 Simon,
1459 2193 1529 2268 Dei
1553 2195 1668 2299 gratia

247 2325 495 2400 Tornacensis
523 2341 633 2430 atque
661 2322 920 2399 Noviomensis
949 2322 1165 2427 episcopus,
1196 2319 1350 2396 ecclesie
1378 2321 1494 2396 sancti
1523 2323 1666 2399 Bertini

247 2476 348 2529 nuuc
368 2471 406 2530 et
424 2455 716 2559 imperpetuum.
746 2453 851 2530 Sicut
874 2482 916 2528 ea
931 2482 1005 2557 que
1028 2453 1075 2528 de
1102 2450 1258 2528 ecclesie
1280 2467 1417 2527 statua
1441 2450 1550 2528 uobis
1575 2452 1666 2531 laeta

248 2583 399 2674 luerint,
415 2584 524 2659 firma
537 2586 576 2660 in
591 2601 784 2688 posterum
801 2599 838 2657 et
853 2581 1069 2657 inconvulsa
1083 2581 1258 2658 volumus
1271 2610 1509 2686 permanere;
1527 2583 1578 2659 ita
1593 2613 1666 2688 que

246 2744 265 2790 a
282 2715 419 2790 nostris
439 2714 529 2789 elim
551 2710 881 2817 predecessoribus
897 2711 1099 2788 constituta
1114 2728 1219 2802 sunt,
1236 2711 1340 2787 nulla
1359 2740 1379 2785 a
1399 2712 1510 2789 nobis
1525 2714 1667 2789 debent

244 2844 511 2919 imminutione
534 2842 703 2919 convelli.
728 2843 851 2935 Quam
874 2841 1019 2917 obrem
1043 2841 1217 2917 ecclesias
1237 2840 1320 2919 illas
1340 2841 1539 2948 Lisgnege,
1556 2845 1665 2920 Snel-
1706 2878 1710 2885 ·

242 2974 429 3081 gerlerle,
447 2973 697 3064 bovenkerke,
715 2971 982 3079 Eruiugebem,
1001 3000 1093 3077 quas
1108 2970 1208 3049 bone
1223 2972 1408 3049 memorie
1421 2973 1666 3077 'predecessor

242 3120 369 3180 noster
391 3105 629 3191 lambertus,
654 3104 868 3207 episcopus,
890 3102 1045 3178 ecclesie
1066 3102 1165 3178 beati
1184 3103 1343 3194 Bertini,
1366 3103 1405 3178 in
1427 3121 1605 3208 perpetua
1621 3105 1665 3180 li-

238 3232 383 3311 bertate
401 3234 664 3339 possidendas,
687 3232 935 3323 contradidit,
952 3233 1031 3310 viso
1046 3233 1163 3337 ipsius
1181 3232 1392 3338 privilegio,
1411 3232 1489 3309 viso
1510 3235 1663 3311 Roberti

240 3363 492 3439 archidiaconi
509 3363 626 3439 nestri
640 3386 810 3465 assensu,
834 3378 871 3437 et
891 3361 1113 3438 clericorum
1135 3374 1350 3438 nostrorum
1370 3360 1660 3466 subscriptione,

240 3493 366 3570 audita
390 3521 542 3599 quoque
568 3494 608 3568 in
633 3493 800 3597 idipsum
821 3491 954 3567 domni
980 3520 1075 3596 pepe
1102 3490 1235 3566 Calixti
1261 3489 1564 3578 confirmatione,
1594 3520 1662 3568 nos

134 3696 140 3701 .
241 3625 376 3713 eciam,
398 3640 570 3727 presente
593 3622 843 3707 Godescalm,
864 3622 1037 3727 ipsorum
1058 3620 1233 3696 altarium
1257 3647 1432 3726 persona,
1462 3638 1499 3696 et
1523 3620 1560 3695 in
1591 3622 1662 3698 hoc

238 3755 361 3858 ipsum
383 3780 574 3828 assensum
593 3749 791 3856 prebente,
810 3751 1171 3829 nostraauctoritate
1188 3751 1364 3827 ecclesias
1384 3751 1534 3826 easdem
1550 3750 1661 3828 heato

238 3885 391 3959 Bertino
412 3883 649 3986 inperpetuo
665 3882 751 3986 jure
773 3911 792 3956 a
811 3877 934 3957 modo
956 3881 1200 3985 possidendas
1217 3881 1476 3971 concedimus,
1495 3899 1532 3956 et
1550 3882 1662 3987 privi-

239 4012 325 4119 legii
357 4011 475 4088 nostri
504 4008 767 4114 astipulatione
795 4011 1034 4100 roboramus,
1061 4011 1385 4117 quemadmodum
1413 4040 1432 4087 a
1463 4013 1661 4116 predeces*

239 4170 323 4219 sore
353 4159 482 4218 nostro
512 4138 654 4217 domne
686 4140 886 4218 Laurberto
915 4141 1008 4218 elim
1041 4166 1259 4218 concessum
1288 4157 1362 4230 est,
1389 4157 1427 4215 et
1456 4140 1659 4245 apostolice

240 4273 339 4350 sedis
365 4272 583 4348 auctoritate
606 4268 883 4349 confirmatum.
905 4271 945 4348 Si
972 4299 1046 4378 qua
1072 4271 1186 4381 igitur
1214 4271 1391 4376 deinceps
1416 4271 1658 4349 ecclesiastica

239 4403 662 4508 saecularisvepersona,
688 4398 821 4479 contra
846 4402 1050 4508 apostolici.
1067 4403 1207 4481 decreti
1234 4419 1272 4478 et
1295 4402 1409 4509 hujus
1437 4402 1554 4478 nostri
1582 4404 1660 4509 pri-

239 4532 361 4640 vilegii
393 4531 566 4641 paginam
599 4531 678 4624 ire,
704 4532 770 4611 'vel
801 4532 965 4639 aliquam
996 4531 1134 4610 inlerre
1161 4532 1341 4640 injuriam
1372 4533 1660 4639 presumpserit,

240 4662 364 4738 divine
380 4660 519 4737 ultioni
544 4659 749 4768 subjaceat,
770 4678 808 4740 et
826 4662 874 4739 ab
895 4662 1049 4742 ecclesia
1069 4663 1161 4755 Dei,
1186 4664 1309 4741 donec
1328 4664 1542 4768 resipuerit.
1570 4664 1662 4739 alie«

240 4819 313 4869 nus
334 4792 412 4868 fiat.

1758 2215 1835 2265 1125.
