4478 5842
298 410 371 543 aie
644 466 1053 540 cnanrunnruuu
1081 400 1385 536 s'rrurnvsn¹

297 612 344 686 <le
364 609 617 695 Rucbesbem‚
639 607 688 683 de
708 607 990 714 Hetlingehem‚
1014 605 1061 681 de
1077 601 1390 694 Hunumlrobem,
1414 602 1461 678 de
1476 601 1711 690 Westlerke,

298 757 334 815 et
361 740 506 816 decima
536 738 582 812 de
613 737 891 827 Clemeslrerlre3
917 737 955 811 in
982 735 1198 812 Coloniensi
1221 733 1432 837 parrochia,
1447 732 1714 813 -ecclesiamsde

296 873 508 976 Frequena,
531 869 578 943 de
599 867 862 971 Guildestorp;
881 867 919 941 in
945 848 1174 952 Belvacensi,
1195 881 1335 942 terram
1358 864 1620 944 Hubertuisim
1635 862 1715 943 dic·

295 1016 392 1090 tam,
415 1029 501 1077 cum
523 997 699 1074 omnibus
718 997 954 1101 pertinentiis
974 1024 1103 1071 earum
1126 1025 1194 1072 seu
1208 994 1445 1101 appenditiis.
1467 993 1715 1072 Decernimus
1819 1004 1827 1028 ¹

296 1131 421 1234 itaque
449 1146 489 1207 ut
515 1127 611 1204 nulli
633 1127 789 1204 omnino
811 1127 1011 1202 bominum
1032 1126 1143 1202 liceat
1166 1142 1330 1203 vestrum
1350 1124 1555 1202 cenobium
1570 1140 1713 1201 temere

295 1260 532 1365 perturbare,
554 1276 619 1335 aut
647 1260 727 1364 ejus
750 1257 1005 1362 possessiones
1027 1255 1193 1344 auferre,
1214 1254 1272 1331 vel
1298 1254 1438 1332 ablatas
1455 1256 1636 1344 retinere,
1655 1251 1715 1331 vel
1740 1287 1743 1291 ·

295 1391 504 1463 temerariis
534 1389 792 1463 vexationibus
816 1386 985 1491 fatigare3
1021 1386 1087 1462 sed
1116 1386 1243 1462 omnia
1272 1385 1416 1491 integra
1450 1400 1717 1462 conserventur

295 1514 448 1603 eorum,
473 1541 541 1622 pru
567 1543 734 1620 quorum
758 1515 1046 1591 sustentatione
1063 1545 1104 1590 ac
1122 1514 1396 1622 gubernatione
1416 1541 1591 1592 concessa
1609 1526 1713 1599 aunt,
1761 1582 1770 1597 ,

296 1645 426 1720 usibus
444 1645 675 1722 omnimodis
690 1643 903 1748 profutura,
926 1644 1023 1721 salva
1038 1645 1216 1720 canonica
1235 1645 1400 1750 episcopi
1413 1641 1640 1722 Morinensis
1656 1668 1717 1717 re-

295 1775 471 1852 verentia.
485 1774 661 1852 Obeunte
668 1791 724 1862 te,
745 1802 846 1849 nunc
860 1775 945 1880 ejus
956 1774 1029 1850 loci
1040 1774 1193 1863 abbate,
1209 1775 1268 1851 vel
1283 1792 1439 1852 tuorum
1451 1770 1623 1879 quolibet
1630 1799 1717 1849 suc·

295 1932 503 1995 cessurum,
521 1904 650 1980 nullus
669 1905 738 1992 ibi,
757 1904 927 2009 qualibet
941 1905 1197 2010 subreptionis
1212 1905 1363 1992 astutia,
1385 1920 1627 2010 preponatur,
1644 1901 1716 1978 nisi

295 2063 411 2140 quem
426 2034 578 2121 tratres,
601 2035 795 2111 communi
812 2063 1013 2124 consensu,
1031 2036 1088 2112 vel
1104 2037 1263 2113 fratrum
1282 2065 1367 2140 pars
1384 2033 1529 2112 consilii
1545 2031 1716 2120 sanioris,

296 2164 507 2276 secundum
523 2164 594 2240 Dei
613 2164 793 2240 timorem
815 2181 853 2240 et
871 2164 971 2240 beati
990 2165 1185 2241 Benedicti
1205 2163 1395 2270 regulam,
1419 2163 1613 2269 elegerint.

352 2295 456 2372 «Vos
477 2293 603 2398 igitur,
626 2293 695 2368 filii
711 2294 750 2367 in
771 2293 922 2371 Christo
943 2292 1090 2383 dilecti,
1107 2276 1178 2369 Dei
1194 2319 1342 2395 semper
1359 2292 1537 2366 timorem
1560 2307 1597 2366 et
1614 2319 1720 2368 amo-

295 2451 376 2498 rem
391 2424 430 2498 in
452 2423 630 2499 cordibus
649 2425 780 2500 vestris
804 2422 944 2499 habere
965 2422 1134 2527 satagite,
1152 2440 1196 2500 ut
1215 2439 1357 2528 quanto
1372 2450 1392 2497 a
1410 2418 1641 2497 secularibus
1657 2434 1719 2498 tu-

296 2552 483 2631 multibus
499 2534 695 2629 liberiores
710 2553 815 2641 estis,
832 2570 937 2629 tanto
953 2552 1117 2658 amplius
1132 2553 1278 2658 placere
1291 2555 1373 2630 Deo
1388 2552 1512 2628 tocius
1528 2551 1666 2628 mentis
1681 2569 1720 2627 et

296 2683 421 2758 anime
447 2682 648 2758 virtutibus
674 2683 869 2759 anheletis.
892 2684 930 2760 Si
947 2712 1020 2788 qua
1048 2711 1154 2771 sane,
1175 2683 1216 2758 in
1236 2683 1458 2769 crastinum,
1474 2668 1719 2758 ecclesiastica

296 2811 516 2888 secularisve
537 2838 712 2914 persona,
732 2814 845 2917 hujus
865 2812 1049 2919 privilegii
1066 2814 1240 2919 paginam
1262 2812 1398 2900 sciens,
1415 2827 1544 2888 contra
1565 2840 1647 2888 eam
1665 2828 1722 2913 te·

296 2967 399 3014 mere
422 2938 547 3015 venire
567 2939 822 3044 temptaverit,
847 2941 1014 3017 secundo
1039 2942 1201 3017 terciove
1226 2941 1471 3031 commonita,
1501 2942 1531 3018 si
1563 2970 1640 3018 non
1664 2971 1722 3019 sa-

295 3067 504 3145 tisfactione
521 3096 685 3175 congrua
703 3069 975 3160 emendaverit,
993 3072 1188 3176 potestatis
1203 3073 1434 3179 honorisque
1456 3074 1515 3148 sui
1537 3073 1720 3182 dignitate

297 3215 434 3287 careat,
460 3226 640 3304 reamque
664 3226 703 3275 se
725 3200 853 3276 divino
873 3199 1015 3306 juditio
1039 3200 1195 3276 existere
1219 3202 1266 3277 de
1287 3218 1498 3306 perpetrata
1519 3202 1720 3306 iniquitate

297 3345 514 3436 cognoscat3
538 3345 576 3404 et
595 3357 615 3404 a
634 3328 883 3406 sacratissimo
902 3356 1076 3434 corpore,
1096 3346 1134 3405 et
1152 3328 1330 3436 sanguine
1346 3329 1417 3406 Dei
1434 3346 1472 3405 et
1486 3330 1640 3406 Domini
1661 3360 1722 3409 re-

296 3457 504 3565 demptoris
519 3458 637 3536 nostri
659 3461 747 3535 lesu
766 3458 907 3536 Christi
929 3458 1051 3535 aliena
1071 3458 1151 3548 liat,
1171 3476 1283 3566 atque
1302 3460 1341 3535 in
1361 3475 1528 3536 extremo
1548 3461 1720 3540 examine

297 3588 465 3668 districte
484 3587 621 3665 ultioni
642 3587 845 3696 subjaceat,
871 3588 1030 3666 Cunctis
1050 3605 1175 3665 autem
1197 3589 1322 3666 eidem
1348 3587 1432 3666 loco
1451 3589 1554 3696 justa
1573 3618 1721 3669 servan-

296 3718 399 3795 tibus
427 3717 476 3795 sit
498 3746 569 3824 pax
593 3716 747 3795 Domini
768 3719 886 3795 nostri
906 3720 996 3796 Jesu
1016 3717 1176 3809 Christi,
1197 3719 1376 3825 quatinus
1407 3735 1445 3794 et
1468 3717 1530 3795 hic
1553 3717 1719 3800 fructum

296 3847 396 3925 bone
412 3848 569 3925 actionis
587 3848 810 3954 percipiant,
836 3867 874 3927 et
893 3849 993 3956 apud
1009 3849 1221 3927 districtum
1236 3851 1406 3959 judicem
1425 3850 1568 3958 premia
1588 3870 1718 3931 eterne

295 3977 396 4082 pacis
420 3976 621 4053 inveniant.
648 3976 782 4054 Amen.

355 4106 519 4184 «Damm
541 4107 720 4196 Turonis,
745 4136 813 4215 per
831 4119 985 4186 manum
1007 4111 1203 4204 iohannis,
1227 4128 1351 4191 sancte
1371 4113 1539 4190 Romane
1562 4113 1718 4192 ecclesie

299 4235 445 4313 diaconi
470 4235 683 4328 cardinalis,
710 4237 876 4315 decimo¹
890 4236 961 4318 kal.
980 4240 1121 4347 aprilis,
1140 4241 1349 4321 indictione
1362 4260 1509 4350 quarta,
1528 4272 1628 4321 anno
1650 4244 1719 4322 do-

238 4399 242 4406 ·
298 4362 435 4440 minice
462 4365 725 4444 incarnationis
744 4367 948 4446 millesimo
973 4371 1218 4479 nonagesimo
1244 4390 1368 4466 sexto,
1392 4374 1634 4480 pontificatus
1654 4403 1720 4453 au·

297 4508 374 4568 tem
395 4492 540 4569 domini
556 4493 696 4570 Urbani
717 4498 872 4576 secundi
895 4526 990 4605 pape
1011 4527 1154 4577 nono.»

301 4664 319 4689 ⁰·
340 4651 350 4682 ¹
373 4652 458 4736 Apud
471 4654 618 4724 Miraeum,
634 4677 709 4717 nono.
