4478 5842
309 479 379 550 110
657 477 1066 552 CHARTULARIUM
1092 478 1376 555 SITHIENSE.

304 646 403 696 anno
418 621 525 728 regni
536 618 671 726 prefati
683 618 781 725 regis
796 618 922 697 Karoli
939 623 1053 708 nx1.¹;
1070 620 1229 698 sednon
1245 621 1362 713 hanc,
1379 622 1452 699 nisi
1465 622 1630 701 triennio
1644 643 1730 732 post

305 749 404 840 haec,
430 750 535 827 rexit.
558 748 668 825 Anno
695 775 860 855 namque
890 776 976 839 run,
998 749 1098 855 apud
1124 749 1240 827 sancti
1270 749 1430 828 Amandi
1457 753 1727 832 monasterium

305 897 498 991 egrotans,
525 880 635 958 exivit
660 879 857 958 hominem
885 906 937 958 ιιι.
957 906 1078 959 nonas
1102 879 1306 974 februarii,
1330 882 1395 990 qui
1417 899 1497 961 erat
1517 910 1639 965 annus
1657 885 1727 966 do-

306 1013 452 1089 minicae
489 1009 690 1090 nativitatis
720 1035 946 1117 ncoomnsn,
968 1010 1214 1118 sepultusque
1250 1028 1306 1090 est
1339 1013 1379 1090 in
1409 1011 1546 1093 eodem
1577 1043 1726 1097 monas-

304 1142 399 1222 terio
424 1141 617 1248 incripta,
636 1137 864 1233 intrantibus
887 1139 927 1217 in
948 1137 1067 1218 latere
1086 1138 1249 1218 sinistro.
1271 1140 1339 1218 Hic
1359 1159 1498 1235 autem,
1520 1146 1619 1224 inter
1635 1145 1726 1225 reli·

304 1301 375 1378 qua
400 1272 554 1352 donaria
582 1299 665 1378 quae
684 1269 775 1347 huic
801 1297 904 1349 sacro
932 1267 1017 1348 loco
1040 1269 1166 1349 Sithiu
1185 1271 1386 1364 concessit,
1413 1272 1518 1352 dedit
1535 1275 1724 1382 quandam

304 1404 468 1481 casulam
492 1403 621 1482 colore
640 1428 850 1507 purpureo,
875 1427 967 1477 auro
987 1400 1269 1509 margaritisque
1290 1402 1448 1482 mirifice
1469 1404 1685 1514 insignitam
1696 1405 1725 1483 ⁸.

303 1535 424 1641 Hujus
446 1551 572 1610 autem
592 1548 699 1637 pater
722 1532 936 1622 Hunrocus,
958 1527 1064 1634 quod
1088 1557 1200 1634 supra
1213 1531 1397 1609 memoria
1413 1533 1566 1626 excidit,
1581 1535 1622 1612 in
1645 1560 1727 1639 mo

199 1757 204 1766 ¹
303 1663 466 1742 nasterio
490 1660 618 1740 Sithiu
645 1688 792 1738 comam
807 1657 938 1765 capitis
953 1657 1147 1764 deposuit,
1168 1660 1508 1769 monachicumque
1532 1662 1724 1757 habitum,

299 1795 392 1901 jugo
409 1821 449 1872 se
474 1791 613 1872 Christi
634 1788 875 1880 submittens,
905 1788 1125 1895 assumpsit;
1151 1805 1206 1881 et,
1222 1789 1311 1897 quia
1330 1818 1457 1871 comes
1482 1810 1562 1873 erat
1590 1793 1728 1872 ditissi-

303 1952 405 2013 mus,
428 1923 647 2014 hereditatis
669 1950 745 2000 suae
771 1920 971 1999 maximam
990 1936 1135 2026 partem
1159 1917 1304 2025 prefato
1324 1923 1551 2001 monasterio
1579 1940 1636 2001 est
1654 1922 1728 2001 lsr-

302 2057 412 2162 gitus.
430 2056 483 2132 Ex
502 2053 643 2161 quibus
665 2081 741 2130 una
769 2067 827 2131 est
847 2049 952 2142 villa,
973 2049 1122 2129 Hunela
1141 2049 1256 2144 dicta,
1279 2079 1393 2159 quam
1415 2079 1462 2132 eo
1485 2071 1618 2131 tenore
1638 2081 1727 2133 con·

300 2185 471 2276 tradidit,
494 2200 539 2262 ut
563 2197 688 2262 custos
712 2180 876 2260 ccclesiae
899 2180 948 2260 ad
969 2208 1084 2289 quem
1113 2207 1196 2259 eam
1222 2179 1395 2271 tradidit,
1417 2181 1525 2260 annis
1544 2182 1726 2293 singulis,

302 2333 386 2421 post
415 2315 496 2423 ejus
518 2313 601 2393 vitae
628 2314 844 2406 decessum,
876 2312 917 2389 in
947 2311 1028 2420 ejus
1056 2310 1350 2391 anniversarium
1381 2312 1560 2405 annuale,
1592 2314 1725 2394 exinde

302 2445 478 2524 fratribus
495 2462 713 2552 prepararet
735 2441 974 2551 obsequium.
996 2441 1072 2536 Qui
1088 2458 1217 2548 postea
1242 2441 1337 2521 inihi
1356 2440 1575 2536 defunctus,
1600 2470 1726 2524 coram

302 2579 415 2655 altare
431 2578 546 2655 sancti
563 2575 769 2669 Laurentii,
786 2575 826 2653 in
846 2574 995 2653 sinistra
1006 2589 1110 2680 parte
1124 2572 1435 2683 ingredientium,
1456 2591 1512 2653 est
1528 2576 1724 2670 humatus,

301 2708 426 2787 idibus
449 2708 682 2800 novembris3
704 2706 864 2814 ipsoque
888 2703 949 2783 die
974 2732 1051 2813 quo
1075 2722 1113 2782 et
1137 2703 1313 2786 festivitas
1336 2703 1589 2784 translationis
1606 2706 1725 2784 sancti

300 2840 479 2946 Folquini
506 2855 546 2915 et
572 2838 687 2915 sancti
711 2835 845 2915 Briccii
867 2835 1052 2941 depositio
1073 2833 1296 2928 celebratur,
1317 2835 1405 2915 satis
1425 2833 1648 2928 lautissima,
1669 2837 1725 2915 uti

302 2968 469 3046 custodis
480 2995 588 3074 posse
604 2983 679 3061 est,
696 2965 850 3046 relectio
865 2966 1047 3044 hactenus
1057 2963 1235 3043 fratribus
1249 2963 1459 3044 exhibetur.
1474 2966 1620 3044 Eodem
1632 2990 1727 3074 qno-

303 3126 377 3204 que
394 3115 585 3205 tempore,
600 3100 747 3204 Zoppo,
762 3095 941 3187 vicarius,
965 3094 1080 3175 simili
1101 3094 1291 3201 exemplo,
1313 3095 1353 3173 in
1375 3096 1511 3175 eodem
1539 3113 1726 3177 monaste·
1830 3152 1835 3158 -

303 3231 360 3308 rio
384 3246 570 3323 attonsus,
595 3226 771 3308 monachi
795 3224 967 3306 habitum
993 3243 1049 3306 est
1067 3226 1237 3332 adeptus.
1636 3215 1639 3219 ¹

911 3514 1114 3591 XXXIX.

731 3737 768 3781 nt
791 3733 946 3779 HUHFRIDO
969 3733 1105 3777 muscoso
1126 3734 1161 3777 ΕΤ
1184 3737 1303 3779 ΛΒΒΔΤΕ.

359 3941 446 4016 Post
472 3950 634 4016 mortem
662 3961 814 4043 quoque
837 3935 918 4043 jam
938 3931 1027 4011 dicti
1047 3930 1191 4013 abbatis
1208 3935 1403 4026 Adalardi,
1420 3937 1557 4015 eodem
1579 3963 1679 4015 anno
1691 3940 1724 4028 ⁵,

303 4066 539 4159 Humlridus,
565 4065 817 4146 Taruanensis
841 4065 1037 4172 episcopus
1055 4079 1095 4142 et
1111 4066 1342 4146 Prumiensis
1362 4066 1579 4146 monasterii
1599 4092 1729 4145 mona-

347 4307 353 4336 ¹
378 4310 509 4369 Fortasse
524 4309 631 4369 rectius
643 4327 715 4368 xxti.
1054 4307 1183 4388 scriptor,
1189 4307 1313 4368 Alardus
1319 4318 1460 4391 peccator,
1470 4306 1604 4368 habitum
1613 4305 1728 4368 monaci

345 4409 355 4436 ²
376 4409 440 4469 Post
455 4411 609 4493 iasiqnitom
625 4409 732 4491 legitur
742 4412 774 4470 in
794 4409 859 4472 cod.
876 4407 952 4469 llud.
967 4432 973 4467 :
1054 4418 1082 4468 et
1093 4407 1276 4490 professionis
1288 4411 1431 4494 sumpsit,
1445 4409 1488 4470 illi
1501 4409 1628 4471 serviens
1639 4409 1672 4468 in
1681 4427 1729 4468 cs·

304 4511 396 4586 «Quae
406 4532 502 4594 usque
515 4512 552 4571 ad
564 4525 695 4594 tempora
712 4511 826 4574 domini
836 4511 979 4574 Anthonii
1053 4509 1203 4594 pullanum
1218 4532 1270 4596 pro
1284 4514 1355 4575 anni
1370 4513 1528 4597 presentis,
1544 4511 1582 4572 ab
1593 4512 1728 4573 incarna-

304 4614 464 4698 deBcrgis,
487 4613 576 4701 hujus
594 4615 650 4678 loci
667 4614 794 4684 abbatis,
813 4628 979 4679 conservata
1053 4612 1132 4675 tione
1156 4614 1309 4677 salvatoris
1327 4615 1475 4680 millesimi
1499 4613 1728 4699 quingentesimi

302 4719 372 4788 luit,
386 4732 419 4782 ut
437 4732 536 4804 postea
556 4721 668 4784 mentio
691 4720 796 4783 clarius
816 4720 880 4782 fieri
899 4731 980 4804 potc-
1053 4721 1140 4787 noni,
1154 4720 1330 4782 curriculo.»

304 4824 354 4893 rit,
368 4822 480 4888 volente
490 4820 617 4896 Christo,
631 4824 688 4886 sub
697 4843 759 4907 qno
771 4823 860 4906 hujus
869 4823 975 4905 pagine
1094 4826 1104 4857 ⁸
1126 4824 1212 4886 ¹dono
1226 4822 1296 4890 tta.
