4478 5842
625 470 750 543 rius
786 430 1473 560 rsniu.-ronou1u1s1n.1.
1708 478 1750 548 51
1828 513 1832 521 -

284 669 287 673 -
342 610 540 688 Abbatiam
560 639 648 690 vero
668 612 872 722 regendam
890 613 1051 720 suscepit
1068 613 1310 704 VVaimarus,
1331 613 1412 720 qui,
1435 629 1604 720 tempore
1626 617 1758 722 prefati

342 743 441 849 regis
454 743 651 836 Hilderici,
669 744 905 852 privilegium
919 745 1111 851 quoddam
1128 763 1348 823 consecutus
1365 761 1422 822 est
1437 746 1546 854 regiae
1562 750 1759 824 auctorita-

341 873 405 964 tis,
420 875 627 953 secundum
638 892 773 951 statuta
788 876 1072 980 precedentium
1086 905 1230 984 regum,
1248 905 1329 984 quae
1339 874 1483 982 prefato
1499 897 1761 955 concesserunt

341 1003 467 1082 Sithiu
489 990 732 1098 monasterio,
748 1006 852 1111 quod
868 1005 914 1080 ab
927 1006 1008 1110 ipso
1021 1035 1110 1115 rege
1122 1007 1313 1085 firmatum
1328 1025 1473 1085 constat
1487 1008 1527 1085 in
1542 1009 1614 1085 hoc
1627 1010 1759 1101 modo,

344 1158 443 1213 anno
466 1136 635 1243 ejusdem
655 1139 753 1241 regis
771 1130 919 1240 imperii
939 1135 1074 1241 primo.

974 1410 1131 1485 XXXI.

738 1587 891 1629 nisurum
915 1587 1074 1630 rnrvrnsuu
1094 1590 1263 1630 curnnmucr
1280 1572 1392 1634 nno1s¹.

400 1788 644 1865 ,usurus
666 1813 731 1862 rex
750 1787 991 1863 santonus.
1020 1786 1069 1863 ut
1095 1785 1183 1865 ors
1206 1767 1436 1884 illustribus,
1457 1796 1695 1902 gravionibus
1715 1817 1767 1876 as.
1799 1821 1831 1874 s
1846 1817 1918 1893 aps.
1936 1818 1997 1889 us.

343 1948 417 2028 que
441 1917 617 1997 omnibus
634 1914 809 2024 gentibus
827 1916 887 1993 vel
897 1915 1114 2022 junioribus
1133 1944 1282 2009 eorum,
1302 1936 1379 1996 tam
1392 1926 1634 2027 ¹presentibus
1654 1958 1767 2037 quam

344 2050 497 2140 suturis,
525 2049 565 2124 in
592 2046 891 2153 quibuscumque
919 2045 1128 2124 actionibus
1164 2051 1436 2128 monasterium
1470 2056 1597 2134 Sithiu
1626 2058 1766 2139 habere

342 2183 502 2258 videtur.
525 2180 650 2273 Quem
677 2177 802 2255 divina
831 2176 950 2283 pietas
977 2176 1157 2254 sublimat
1182 2178 1230 2254 ad
1256 2205 1433 2286 regnum,
1467 2186 1649 2266 condecet
1674 2191 1769 2268 facta

345 2338 561 2388 conservare
574 2323 790 2414 parentum3
804 2308 981 2413 precipue
996 2307 1327 2414 quaecompendiis
1342 2311 1583 2391 ecclesiarum
1599 2335 1663 2394 aut
1677 2319 1768 2397 locis

345 2459 559 2519 sanctorum
580 2439 695 2549 regali
720 2439 941 2531 clementis,
962 2467 1032 2545 pro
1053 2457 1189 2517 aeterna
1215 2424 1468 2521 retributioni
1485 2448 1666 2560 probetur
1689 2479 1767 2530 esse

344 2572 556 2661 indultum,
580 2587 729 2677 oportet
746 2597 964 2647 conservare
986 2571 1026 2643 in
1049 2597 1170 2645 evum.
1193 2570 1309 2677 Igitur
1331 2595 1529 2680 cognoscat
1548 2582 1767 2686 magnitudo

345 2703 531 2779 etutilitas
542 2718 672 2788 vestra,
685 2696 1088 2804 quodvenerabilisvir
1099 2699 1337 2791 VVaimorus,
1354 2702 1467 2781 abbas
1482 2706 1529 2783 de
1540 2715 1767 2791 monasterio

344 2831 481 2922 Sithiu,
497 2829 705 2906 clementiae
718 2828 953 2937 regniuostri
966 2827 1103 2905 detulit
1114 2829 1153 2904 in
1163 2830 1349 2923 notitiam,
1364 2833 1469 2939 quod
1477 2851 1768 2941 parensnoster²

344 2960 614 3052 Theodericus,
632 2959 823 3066 quondam
838 2986 914 3050 rex,
931 2985 1116 3064 persuum
1129 2962 1421 3067 preceptionem,
1436 2994 1626 3048 suamanu
1642 2972 1768 3052 firma·

344 3111 433 3181 tam,
444 3091 667 3169 antecessori
677 3119 744 3169 suo
756 3089 984 3168 Erbenbodo
996 3090 1207 3183 obbati,vel
1215 3092 1263 3169 ud
1272 3095 1483 3199 predictum
1495 3108 1764 3184 monasterium

237 3230 243 3237 '
344 3251 454 3299 suum
470 3221 613 3310 Sithiu,
632 3219 707 3297 tole
726 3221 956 3298 beneficium
972 3222 1230 3317 concessisset„
1244 3241 1289 3300 ut
1306 3227 1410 3330 quod
1427 3227 1524 3308 infru
1538 3233 1670 3312 liscum
1686 3264 1768 3316 nos-

344 3371 460 3445 trum,
478 3352 545 3430 ubi
562 3369 599 3428 et
617 3351 701 3439 ubi,
719 3352 759 3426 in
774 3351 1173 3458 quibuscumquelibet
1184 3354 1286 3460 pagis
1296 3356 1360 3431 eut
1367 3360 1566 3440 territoriis
1579 3394 1768 3472 compara—

345 3502 425 3560 tum
440 3483 619 3574 habebat,
636 3498 701 3557 aut
712 3481 861 3559 inantea
872 3483 1224 3587 adcomperandum
1237 3484 1403 3561 invenire
1415 3506 1577 3593 poterat,
1594 3496 1653 3571 vel
1662 3500 1766 3603 quod
1879 3580 1881 3585 Α

345 3615 436 3691 boni
447 3614 632 3704 homines,
644 3613 769 3691 Deum
779 3614 968 3705 timentes,
981 3640 1050 3719 pro
1060 3613 1255 3691 animabus
1266 3642 1409 3705 eorum,
1419 3619 1467 3695 ud
1477 3626 1763 3732 suprascriptum

346 3742 616 3823 monasterium
639 3741 840 3835 dederunt,
858 3763 921 3822 aut
943 3744 1094 3821 inantea
1108 3744 1298 3837 dederint,
1314 3746 1392 3823 haec
1407 3747 1598 3833 habuisset
1615 3784 1766 3834 conces-

346 3905 449 3961 sum3
472 3892 510 3951 et
527 3872 633 3980 quod
648 3870 695 3948 de
711 3873 802 3950 [isco
818 3891 946 3950 nostro
962 3892 1215 3981 comparatum
1232 3858 1412 3972 habebat,
1430 3900 1493 3959 aut
1507 3882 1656 3967 inantea
1671 3918 1766 3967 com-

345 4022 525 4113 parasset,
550 4020 685 4109 praeter
707 4001 810 4076 illam
830 4019 969 4078 terram
985 4003 1088 4079 unde
1114 4032 1227 4108 opera
1249 4009 1405 4084 ‹rsrraria
1426 4035 1590 4110 exeunt,·
1608 4020 1681 4097 hoc
1701 4022 1766 4097 ha·

347 4137 489 4213 buisset
502 4158 739 4217 concessum3
759 4147 796 4206 et
813 4130 916 4209 nulla
930 4132 1129 4240 judiciaria
1143 4149 1305 4239 potestas
1316 4135 1442 4216 nullos
1456 4145 1627 4225 redditus
1642 4167 1763 4242 terrae,

346 4295 415 4343 nec
427 4264 522 4342 uilas
538 4261 749 4340 functiones
768 4260 935 4367 publices
953 4262 1077 4339 eidem
1093 4263 1142 4340 ob
1160 4263 1232 4340 boc
1246 4264 1403 4374 exigere,
1421 4290 1484 4349 aut
1504 4296 1680 4372 exactare,
1698 4300 1767 4361 ne'c

390 4486 520 4548 ¹Edidit
539 4481 743 4550 Mobillonius,
771 4484 813 4544 De
834 4507 862 4544 re
887 4483 1025 4565 diplomat.
1063 4485 1140 4555 bit,
1155 4505 1214 4545 non
1235 4487 1327 4567 ipsius
1345 4502 1457 4572 patrem
1481 4496 1565 4575 (nem
1585 4500 1765 4567 Childericus
1832 4538 1835 4545 ·

348 4612 411 4673 pag,
429 4591 498 4651 610.
1085 4586 1280 4670 Chilpericill
1298 4589 1377 4653 iilius
1396 4601 1483 4679 crat),
1503 4602 1566 4671 sed,
1589 4606 1766 4687 blcrovingo·

389 4692 399 4722 ²
423 4693 484 4753 Hoc
495 4690 612 4773 parentis
623 4710 744 4758 nomen,
756 4689 835 4772 quod
847 4688 1028 4751 Childericus
1086 4712 1153 4751 rum
1165 4710 1260 4759 more,
1274 4693 1449 4780 principem,
1467 4701 1577 4787 ubsque
1588 4711 1700 4788 paterni
1712 4731 1765 4768 no.

347 4795 527 4858 Theoderico
541 4790 669 4859 Cslensi.
682 4793 822 4854 decessori
840 4814 906 4859 suo.
924 4794 1029 4857 adscri-
1087 4796 1176 4856 minis
1192 4799 1308 4869 indicio,
1322 4801 1463 4883 designat.
