4478 5842
321 468 392 545 lna
669 471 1080 547 CHARTULARIUM
1107 463 1383 544 SITHIENSE.

316 641 429 718 quam
445 630 483 689 et
496 613 722 704 futurorum,
734 614 933 704 industria,
946 613 1142 719 quoniam,
1156 640 1224 716 per
1235 611 1537 716 deprecationem
1548 609 1735 700 Hilduini,

317 743 540 820 venerabilis
567 744 730 835 abbatis,
755 744 997 821 concedimus
1020 760 1146 822 sancto
1167 742 1320 819 Bertino
1341 760 1379 818 et
1399 742 1575 821 fratribus
1591 742 1736 819 ibidem

316 873 483 952 Domino
500 874 769 964 militantibus,
790 874 837 950 ad
860 902 1069 964 suosusus,
1086 873 1236 980 inpage
1254 873 1458 965 Ternensi,
1479 872 1520 950 in
1538 866 1625 952 villa
1641 874 1737 949 Tur·

315 1002 529 1109 ringahem,
547 1032 720 1080 mansum
739 1003 1068 1092 indominicatum,
1091 1020 1144 1092 et,
1166 1002 1266 1077 inter
1280 1001 1409 1078 silvam
1430 1020 1467 1078 et
1484 1019 1638 1095 terram,
1662 1002 1735 1079 bu·

315 1133 417 1209 naria
434 1161 524 1222 tun,
548 1151 586 1209 et
602 1134 787 1241 mancipia
802 1161 881 1223 xui,
905 1151 942 1210 et
961 1160 1089 1208 mansa
1109 1130 1254 1209 servilia
1269 1160 1320 1208 uri
1339 1162 1408 1237 per
1422 1132 1577 1211 bunaria
1595 1159 1674 1223 vnn
1696 1149 1736 1209 et

315 1262 352 1337 in
373 1262 702 1372 Menolvingahem
716 1263 873 1340 bunaria
888 1291 975 1357 xxx,
994 1263 1041 1339 ad
1052 1264 1131 1370 jam
1148 1262 1289 1339 dictum
1304 1291 1478 1340 mansum
1491 1263 1733 1370 pertinentia3

315 1409 353 1468 et
367 1392 406 1469 in
427 1393 594 1470 belrinio
611 1393 767 1471 bunaria
786 1419 845 1481 xv,
869 1409 906 1468 et
924 1394 964 1467 in
984 1394 1156 1469 Mentela
1176 1391 1334 1469 bunaria
1351 1421 1429 1485 vm,
1450 1412 1488 1473 et
1507 1395 1547 1472 in
1565 1395 1735 1474 Vertuno

313 1520 471 1599 bunaria
485 1549 567 1600 xxx.
590 1524 698 1599 Unde
719 1524 791 1598 hoo
806 1538 943 1598 nostrae
961 1522 1170 1597 altitudinis
1184 1539 1411 1627 praeceptum
1429 1524 1512 1601 fieri
1533 1540 1571 1602 et
1589 1551 1736 1601 memo-

201 1649 205 1657 ’
313 1651 401 1728 ratis
417 1646 604 1728 ¹fratribus
630 1650 745 1728 sancti
774 1650 917 1726 Bertini
946 1650 1026 1726 dari
1048 1649 1250 1755 jussimus3
1274 1677 1343 1755 per
1370 1653 1476 1756 quod
1500 1653 1737 1759 praecipimus

312 1799 423 1888 atque
434 1783 629 1890 jubemus,
645 1798 705 1872 ut,
723 1780 769 1857 ab
780 1780 963 1856 bodiema
974 1778 1035 1856 die
1052 1792 1090 1855 et
1105 1779 1298 1884 deinceps,
1313 1779 1499 1885 predictas
1516 1811 1576 1860 res
1592 1782 1633 1859 in
1648 1809 1737 1859 suos

311 1941 401 1989 usus
425 1929 630 2003 assumant,
659 1928 697 1987 et
721 1910 854 1987 exinde
882 1908 1017 2018 agendi
1041 1909 1261 2016 hujusmodi
1290 1908 1480 1988 licentiam
1507 1911 1672 1991 habeant
1699 1929 1736 1991 et
1771 2006 1777 2015 Ι

311 2043 535 2119 aeternoliter
550 2040 793 2147 disponendi,
815 2039 910 2116 sieut
927 2055 1021 2115 etex
1037 2037 1119 2113 aliis
1138 2036 1251 2114 rebus
1266 2040 1420 2144 quesnel
1436 2066 1523 2118 suos
1543 2072 1634 2120 usus
1648 2042 1734 2119 bae-

309 2189 422 2250 tenus
439 2173 708 2278 possederunt;
730 2169 892 2276 qualiter
906 2197 976 2275 pro
991 2184 1117 2246 nostra
1135 2184 1173 2245 et
1187 2168 1356 2278 conjugis
1371 2189 1484 2278 atque
1498 2172 1616 2279 prolis
1630 2172 1733 2250 inco-

309 2299 503 2392 lumitate,
525 2318 563 2376 et
581 2300 704 2377 tocius
723 2298 872 2405 imper-ii
894 2298 1011 2376 aDeo
1027 2296 1137 2375 nobis
1154 2299 1343 2377 commissi
1363 2317 1478 2395 statu,
1495 2330 1559 2380 eos
1576 2302 1733 2380 liberius

310 2459 460 2507 exorare
481 2430 659 2521 delectet,
676 2447 862 2536 atquem,
880 2427 930 2505 ob
945 2428 1162 2541 remedium·
1172 2427 1251 2534 jam
1272 2427 1362 2506 dieti
1378 2431 1549 2511 Hilduini
1568 2431 1731 2522 abbatis,

309 2560 517 2637 Dominum
533 2559 791 2635 indesinenter
807 2558 1006 2663 deprecare
1020 2557 1207 2634 studeant.
1219 2557 1268 2633 Et
1278 2574 1321 2633 ut
1334 2559 1406 2637 boc
1421 2562 1624 2667 peremnia
1637 2579 1734 2639 tem-

307 2718 399 2797 pora
423 2688 690 2768 inviolabiliter
709 2703 959 2779 conservetur,
981 2715 1095 2764 manu
1115 2686 1264 2792 propria
1286 2688 1415 2767 subter
1427 2693 1672 2782 firmavimus,
1695 2708 1735 2768 et

308 2821 422 2897 anulo
444 2836 573 2897 nostro
594 2818 764 2924 insigniri
781 2818 974 2925 jussimus.

371 3060 562 3169 «Signum
583 3060 743 3150 tiron,
764 3059 1022 3167 gloriosissimi
1049 3059 1285 3165 imperatoris

310 3190 469 3299 augusti.

366 3375 651 3467 «Asusamus,
674 3377 858 3469 notarius,
883 3378 931 3454 ad
954 3379 1073 3454 vicem
1093 3375 1281 3465 Gauzlini,

307 3505 524 3616 recognovit
543 3522 583 3584 et
599 3504 830 3613 subscripsit.

365 3733 529 3809 «Datum
554 3757 588 3810 v.
617 3730 688 3806 kal.
712 3729 819 3836 julii,
848 3730 1056 3812 indictione
1087 3759 1143 3822 x,
1170 3759 1269 3809 anno
1295 3732 1571 3840 xxxv111.regni
1596 3733 1728 3810 domni

307 3860 434 3938 Karoli
450 3858 685 3965 imperatoris
704 3858 744 3935 in
762 3860 938 3949 Francia„
951 3878 989 3938 et
1006 3860 1155 3969 imperii
1170 3861 1349 3938 secundo.
1685 3872 1688 3877 ’

363 3990 524 4068 «Actum
543 3990 727 4068 Pontione
747 3989 927 4097 palatio.»

974 4262 1055 4339 LV.

473 4464 510 4515 os
530 4465 618 4507 ostro
644 4462 780 4516 nituntur
802 4463 938 4515 isaeus,
962 4465 997 4505 rr
1019 4464 1057 4504 ne
1080 4464 1215 4517 neonus
1238 4466 1273 4507 er
1294 4464 1459 4507 strumum
1482 4463 1557 4507 raus.

359 4641 499 4727 Relatis
514 4642 629 4751 igitur
642 4642 914 4720 traditionibus
927 4670 1013 4750 que
1028 4640 1103 4721 sub
1121 4643 1375 4725 amantissimo
1390 4641 1524 4720 abbate
1545 4639 1729 4721 Hilduino

302 4772 619 4880 madtprisitm
635 4773 823 4857 incumbit
830 4774 911 4881 jam
920 4774 1219 4880 tempnsrefene
1229 4802 1347 4882 quem
1359 4775 1567 4853 uminum
1580 4770 1727 4851 babue-
1824 4791 1829 4802 '
