4478 5842
547 476 674 551 PARS
709 478 955 553 SECUNDA.
979 522 1026 533 —-
1044 480 1262 555 SlMONlS
1290 483 1382 555 LlB.
1411 485 1457 554 Il.
1642 488 1710 558 291

933 756 1080 838 xovr.
1304 814 1314 858 ,

678 968 716 1007 DE
735 966 824 1007 ostro
849 966 1008 1013 MUBER'H,
1030 966 1149 1008 ABBmS
1172 966 1265 1008 nutus
1287 967 1361 1007 mut.

357 1150 474 1255 Cujus
496 1147 689 1252 regiminis
708 1173 807 1221 anno
826 1146 962 1250 primo,
989 1173 1087 1222 anno
1102 1145 1216 1222 Verbi
1232 1145 1413 1221 incarnati
1433 1152 1593 1236 ucxwi,
1615 1165 1721 1251 pater

302 1280 524 1359 lambertus
548 1277 620 1353 hoc
642 1276 799 1351 verbum
820 1303 885 1351 ore
905 1275 1148 1381 frequentans
1169 1277 1208 1351 in
1232 1277 1482 1362 extremis,·in
1502 1307 1622 1353 manus
1643 1295 1719 1354 tuus

303 1410 500 1488 commendo
511 1411 666 1510 spiritum
684 1434 812 1493 meunt,
829 1406 942 1494 obiit,
961 1424 997 1481 et
1014 1406 1053 1480 in
1070 1404 1211 1510 capella
1227 1424 1352 1482 sancte
1365 1407 1497 1493 Mario,
1514 1434 1628 1513 quam
1642 1409 1720 1513 ipsu

302 1540 463 1617 infirmis
478 1537 727 1626 edificaverat,
749 1535 936 1623 lohanne,
962 1537 1136 1641 episcopo
1157 1537 1412 1623 Morinorum,
1437 1540 1646 1645 exequialia
1662 1542 1722 1616 ad·

303 1670 539 1747 ministrante
565 1666 704 1756 officia,
724 1665 916 1771 sepelitur.
937 1665 1055 1772 Cujus
1079 1665 1312 1771 epitaphium
1336 1666 1460 1773 legere
1482 1669 1720 1773 cupientibus

300 1801 375 1878 tale
391 1816 444 1875 est
460 1832 469 1876 ι

555 2000 602 2060 Sic
614 1998 703 2058 homo
717 1997 892 2079 splendescit
904 1997 988 2079 quasi
1000 1994 1067 2066 llos,
1083 1996 1171 2057 velud
1186 1997 1276 2057 herba
1285 2001 1414 2068 virescit,

528 2080 534 2089 .
556 2100 613 2163 Sed
633 2098 730 2160 subito
748 2102 886 2169 moritur,
906 2100 1075 2167 cinerescit;
1096 2121 1149 2161 nec
1167 2101 1311 2183 reperitur

554 2204 655 2277 Quod,
672 2203 841 2272 Lamberta,
858 2202 942 2270 satis,
960 2215 1048 2285 pater,
1067 2203 1196 2263 calendis
1213 2205 1340 2285 pietatis,

556 2307 619 2368 llec
635 2310 719 2389 cujus
738 2306 814 2369 fossa
826 2305 921 2367 brevis
937 2303 1037 2366 inclita
1052 2306 1181 2367 continet
1195 2306 1276 2366 osaal

556 2407 698 2469 Sublimis
718 2429 822 2476 sensu,
836 2401 983 2477 doctrina,
1006 2409 1138 2476 nomine,
1157 2429 1269 2475 cenam

554 2509 650 2583 Quem
671 2531 764 2591 genus
782 2510 908 2578 ornavit,
927 2508 1062 2569 facundia
1077 2509 1249 2577 notificavit,

556 2610 594 2670 tlt
609 2613 683 2671 cinis
701 2632 769 2671 ecce
779 2613 868 2693 jaces.
885 2609 1008 2670 obitum
1022 2610 1146 2692 signate,
1167 2632 1319 2694 sequaces,

555 2714 638 2773 Deua
651 2713 841 2775 kalendarum
851 2733 942 2794 quem
953 2711 1006 2772 lux
1019 2715 1116 2794 rapuit
1123 2712 1274 2797 juliarum.

299 2933 351 3007 Ea
364 2944 586 3034 tempestate
603 2926 920 3041 mulier'quedam
937 2926 984 3002 de
1001 2928 1257 3035 Lotharingia,
1275 2930 1404 3008 vinclis
1424 2930 1555 3013 ferreis
1569 2933 1720 3013 brachia

299 3078 457 3165 unaque
480 3059 639 3148 habens,
658 3087 727 3163 pro
752 3055 975 3162 penitentia,
993 3057 1208 3150 constricta,
1233 3060 1273 3135 iu
1294 3061 1366 3138 hoc
1389 3063 1566 3157 cenobio,
1590 3066 1720 3144 multis

300 3191 520 3282 astantibus,
537 3189 710 3294 precibus
729 3187 845 3265 sancti
863 3187 977 3290 patris
989 3187 1132 3265 Bertiui
1145 3188 1312 3267 solvitur.

924 3479 1096 3554 XCVII.

350 3684 386 3723 DE
409 3680 499 3723 aalma
522 3678 714 3723 anormalam
735 3676 875 3720 tonattttts
896 3676 1016 3718 anstais
1039 3676 1158 3727 ROMAE,
1181 3678 1224 3721 SUl
1248 3680 1362 3723 carlom!
1386 3684 1421 3724 ΕΤ
1446 3686 1667 3731 aeeaunattrwtt

810 3794 814 3801 ·
866 3778 1014 3824 ‘ammom
1035 3778 1152 3824 Gllffld.

355 3971 403 4045 Et
421 3969 510 4074 quia
527 3967 683 4071 suspitio
699 3967 746 4042 de
759 3965 997 4043 infestatione
1016 3968 1321 4051 Cluniacensium
1344 4003 1494 4068 omnes,
1512 3981 1580 4059 sed
1595 3981 1719 4087 ipsum

301 4099 477 4206 precipue
504 4094 754 4203 decoquebat,
775 4113 923 4173 remoto
944 4097 1070 4202 priore
1095 4101 1161 4206 qui
1176 4099 1349 4181 Cluniaci
1370 4107 1716 4211 professus-luerat,

301 4229 436 4337 paratis
464 4227 660 4317 omnibus,
683 4228 841 4312 Romam
862 4225 1068 4331 profectus,
1091 4230 1327 4341 privilegium
1346 4236 1395 4315 de
1410 4237 1585 4319 libertato
1605 4243 1721 4350 hujus

302 4358 456 4437 ecclesie
479 4387 498 4435 a
521 4356 666 4437 Calixto
690 4385 801 4464 papa,
822 4357 887 4463 qui
906 4356 1055 4437 Gelasio
1075 4382 1321 4457 successerat,
1343 4370 1557 4475 acquisivit,
1578 4390 1721 4452 etcum

303 4489 474 4567 omnium
494 4488 676 4593 applausu
690 4515 859 4564 reversus
881 4504 959 4580 est,
977 4506 1090 4596 atque
1110 4510 1314 4600 susceptus.
