4478 5842
809 350 831 395 g.

562 480 679 550 PARS
706 479 946 554 SECUNDA.
968 523 1010 533 -
1033 482 1244 556 SIMONIS
1269 484 1361 555 LlB.
1393 486 1419 554 l.
1626 486 1695 555 195

283 615 559 724 voluntatisque
573 649 639 696 sue
656 640 694 696 et
709 623 850 727 operis,
870 622 1091 727 consiliique
1108 642 1145 698 et
1158 625 1332 730 mysteria
1348 625 1586 728 propalandi,
1603 653 1697 729 quos

150 798 160 811 ·
244 834 249 843 Ι
282 745 433 849 prolixis
445 749 657 825 seculorum
679 732 927 857 locorumque
955 753 1087 856 spartis
1103 753 1341 831 manifestum
1358 771 1415 829 est
1434 753 1697 830 disterminari.

219 872 397 977 ,rouod
417 908 503 955 cum
529 880 580 956 ita
600 882 665 968 sit,
688 882 773 959 volo
798 883 981 958 notificari
1001 900 1078 958 tam
1100 884 1316 959 futurorum
1334 913 1448 988 quarn
1467 884 1698 988 presentium

189 1054 192 1060 ·
285 1006 495 1095 dilectioni,
525 1028 562 1086 et
587 1013 773 1115 presentia
798 1041 882 1087 mea
912 1012 1096 1116 corporali
1128 1031 1167 1088 et
1194 1030 1290 1088 carte
1314 1014 1428 1119 hujus
1454 1014 1698 1117 inscriptione

284 1137 618 1226 indeterminabili,
643 1142 900 1228 Heribertum,
921 1141 1171 1218 venerabilem
1189 1144 1361 1218 abbatem
1380 1143 1578 1220 Sithiensis
1594 1171 1700 1217 ceno

282 1265 352 1352 bii,
378 1298 463 1343 cum
486 1271 655 1374 ejusdem
676 1299 922 1347 monacorum
932 1277 953 1357 ¹,
979 1273 1192 1375 precamine
1212 1272 1389 1377 supplici,
1407 1302 1427 1347 a
1447 1273 1558 1347 nobis
1577 1272 1698 1376 impe-

283 1411 397 1472 trasse
413 1415 626 1474 sanctorum
650 1419 830 1505 perpetue
851 1401 1114 1506 mancipationi
1130 1403 1229 1477 Petri
1246 1403 1404 1491 scilicet,
1422 1402 1590 1488 Martini,
1612 1402 1700 1475 Ber-

283 1525 369 1612 tini,
388 1528 579 1632 Folquini,
594 1529 739 1613 Silvini,
755 1546 841 1634 post
853 1530 978 1605 Deum
992 1532 1155 1607 habenas
1171 1531 1449 1607 moderantium
1462 1530 1593 1635 prefati
1606 1529 1697 1614 loci,

285 1671 327 1729 ut
339 1657 575 1763 privilegium
595 1660 787 1764 quoddam
807 1660 1111 1736 manumissionis
1126 1660 1297 1737 altarium
1314 1660 1552 1745 Brodborch,
1567 1659 1700 1751 Quede

285 1804 322 1882 et
346 1787 416 1873 Lo,
439 1788 770 1894 cappellarumque
791 1789 880 1893 ipsis
907 1789 1160 1895 subjectarum
1189 1818 1424 1878 renovarem,
1451 1789 1701 1892 iteraremque

287 1918 572 1994 confirmatione
588 1919 782 2005 canonica,
803 1920 889 2024 quia
912 1947 992 1994 eam
1011 1936 1288 1996 antecessorum
1305 1949 1478 1996 meorum
1501 1917 1701 1993 Framcrici

287 2061 324 2120 et
346 2045 483 2122 deinde
505 2047 681 2123 Balduini
703 2048 854 2124 dilectio
876 2064 1046 2153 patema,
1070 2049 1281 2125 animarum
1301 2077 1453 2124 suarum
1473 2048 1602 2123 salutis
1621 2074 1702 2152 gra·

286 2174 353 2262 tia,
376 2193 413 2251 et
430 2178 642 2253 orationum
663 2180 838 2254 omnium
853 2178 948 2253 inibi
964 2177 1186 2286 regulariter
1203 2178 1405 2263 viventium
1424 2177 1561 2252 fecerat
1579 2204 1698 2252 causa.

287 2305 388 2380 Hanc
416 2306 541 2412 itaque
570 2335 701 2383 eorum
731 2306 943 2384 deliberans
974 2309 1195 2414 petitionem
1225 2306 1456 2414 religiosam,
1484 2321 1521 2380 et
1555 2304 1700 2380 ardenti

287 2452 372 2510 voto
392 2465 413 2511 a
433 2437 533 2521 Deo,
560 2436 663 2514 fonte
685 2437 786 2521 vivo,
808 2438 938 2514 sitiens
959 2438 1173 2514 orationum
1193 2436 1461 2541 promissarum
1487 2432 1702 2510 retributio·

286 2592 391 2655 nem,
406 2582 509 2642 tanto
528 2567 672 2643 decrevi
692 2566 862 2643 devotius
877 2568 1144 2673 peragendam,
1165 2583 1307 2671 quanto
1322 2565 1471 2670 percepi
1492 2560 1702 2671 religiosius

215 2675 230 2690 ⁶
288 2693 549 2772 desideratam.
568 2696 751 2787 Quocirca
766 2724 834 2801 ego
851 2698 995 2804 Drogo‚
1015 2698 1211 2801 episcopus
1226 2697 1480 2781 Morinorum,
1496 2722 1647 2770 assensu
1664 2711 1702 2769 et

287 2822 445 2899 concilio
466 2825 688 2900 clericorum
704 2853 893 2912 meorum,
908 2826 1150 2902 traditionem
1163 2826 1220 2902 vel
1238 2825 1574 2901 manumissionem
1592 2822 1702 2899 eccle·

287 2952 424 3027 siarum
440 2954 724 3060 jamdictarum,
749 2976 787 3032 et
804 2956 1056 3061 cappellarum
1076 2957 1147 3032 sibi
1168 2954 1453 3041 attitulatamm,
1470 2953 1549 3058 jam
1573 2954 1699 3028 denuo

287 3082 563 3173 confirmatam,
586 3104 629 3161 ut
651 3088 877 3191 prelibatum
901 3103 971 3173 est,
989 3102 1141 3190 paterna
1157 3085 1385 3190 benignitate
1402 3084 1589 3189 majorum
1605 3110 1702 3157 meo·

103 3248 110 3256 ·
288 3241 389 3301 rum,
421 3213 589 3322 legaliter
615 3246 755 3295 renovo
780 3235 818 3294 et
837 3216 1014 3293 canonice
1039 3218 1241 3304 confirm03
1275 3216 1370 3291 illud
1394 3233 1521 3290 tamen
1550 3215 1703 3289 interse-

285 3345 424 3433 rendo,
455 3363 492 3421 et
514 3348 768 3425 universarum
797 3347 1038 3453 questionum
1068 3345 1349 3432 altercationem
1381 3344 1627 3431 removendo,
1658 3361 1701 3418 ut

287 3469 423 3549 futuris
440 3476 676 3581 temporibus
691 3478 808 3554 seculi
830 3477 937 3553 cedat
953 3476 1239 3580 prememoratis
1259 3474 1403 3562 sanctis,
1414 3473 1453 3545 in
1476 3471 1701 3546 hereditarie

287 3606 529 3704 possessionis
539 3611 603 3712 jus
616 3608 812 3711 proprium
834 3624 945 3711 atque
964 3622 1207 3710 perpetuum
1225 3633 1266 3680 ea
1288 3601 1600 3678 determinatione
1620 3630 1702 3704 pre·

288 3732 397 3808 missa
416 3732 694 3819 conditionum,
717 3753 760 3810 ut
778 3763 926 3836 semper
945 3734 1101 3841 singulis
1124 3734 1231 3808 annis
1257 3731 1517 3836 persolvantur
1533 3729 1701 3834 quinque

250 3853 252 3857 ¹
288 3859 399 3936 solidi
429 3862 477 3936 de
505 3880 674 3967 songeta,
706 3879 743 3938 et
769 3862 899 3968 viginti
929 3863 977 3937 ad
1002 3862 1307 3966 procurationem
1336 3842 1501 3963 episcopi
1531 3886 1576 3935 eo
1603 3884 1701 3933 anno

289 4015 365 4093 quo
385 3989 569 4066 circadam
586 3990 688 4078 facit,
706 4009 743 4067 et
762 3991 816 4066 nil
843 3989 1003 4093 amplius
1024 3990 1138 4065 michi
1164 3988 1222 4065 vel
1242 3989 1401 4094 posteris
1424 3988 1519 4064 meis
1546 3988 1593 4063 de
1616 4014 1702 4090 pre-

290 4119 396 4194 dictis
420 4119 584 4196 ecclesiis
611 4119 700 4210 illis,
728 4121 902 4225 inquam,
931 4119 1179 4224 synodorum„
1210 4117 1383 4193 terminis
1409 4117 1548 4221 quibus
1578 4133 1700 4192 cetere
1748 4108 1756 4123 ⁶

288 4250 436 4325 solvunt
461 4249 613 4325 ecclesie
636 4278 679 4325 ex
697 4249 826 4325 vicinis
846 4247 949 4325 locis.
971 4249 1018 4323 Et
1038 4264 1080 4324 ut
1099 4247 1171 4323 hec
1191 4245 1404 4323 donationis
1421 4244 1479 4321 vel
1499 4243 1703 4321 renovatio·

290 4378 346 4454 nis
373 4378 556 4454 sententia
578 4379 682 4455 omni
708 4396 879 4483 tempore
905 4377 1021 4454 seculi
1045 4394 1261 4483 permaneat
1286 4377 1521 4462 intemerata,
1544 4373 1575 4448 si
1604 4372 1701 4451 sorte

289 4506 458 4610 quelibet
487 4535 644 4611 persona
682 4509 794 4584 intra·
814 4536 936 4585 sacros
972 4508 1124 4584 ordines
1158 4507 1217 4584 vel
1242 4523 1357 4595 extra,
1391 4504 1533 4582 malitie
1561 4502 1714 4579 diaboli.

290 4664 432 4712 veneno
462 4636 618 4728 insecta,
655 4668 736 4715 eam
771 4637 963 4716 adnullare
990 4654 1055 4713 aut
1086 4637 1284 4714 debilitare
1308 4636 1422 4714 luerit
1446 4633 1593 4721 molita,
1630 4631 1701 4707 nisi

331 4798 340 4829 ¹
364 4799 464 4883 Suppl.
478 4815 614 4863 conventu.
647 4787 649 4792 .
729 4820 734 4838 '

1474 4902 1513 4961 25
