4478 5842
317 476 389 549 2511
668 481 1074 555 CllAltTULARlUM
1103 483 1388 558 SlTHlENSE.

314 618 502 728 Eggalridi
524 623 721 726 capellam,
743 641 824 699 tum
841 652 911 729 pro
931 624 1102 700 remedio
1123 627 1246 701 anime
1267 653 1367 717 mee,
1388 643 1471 702 tum
1489 649 1560 733 pro
1580 627 1738 708 fratrum

315 752 528 841 devotione,
548 753 637 860 ipsis
656 754 832 830 fratribus
854 756 1095 843 concessisse
1123 756 1173 832 ita
1192 784 1281 832 sane
1300 774 1343 833 ut
1362 757 1458 834 nulli
1479 764 1737 841 successmum

313 909 485 960 meorum
502 886 599 960 hanc
613 902 778 962 nostram
795 887 1075 962 concessionem
1087 885 1200 976 liceat
1216 886 1418 995 infringere
1432 888 1491 966 vel
1505 891 1734 984 diminuere,

311 1015 377 1090 sed
398 1014 543 1103 fratres,
572 1017 699 1121 quiete
723 1033 760 1093 et
781 1017 860 1093 sine
889 1017 1063 1093 molestia
1086 1018 1256 1124 qualibet
1275 1018 1481 1125 predictam
1501 1022 1735 1101 ecclesiolam

310 1145 561 1248 possidentes,
576 1175 644 1253 pro
660 1173 722 1224 me
738 1149 1085 1255 omnipotentisDei
1104 1149 1401 1228 misericordiam
1417 1176 1494 1228 non
1510 1153 1634 1259 pigeat
1648 1178 1735 1232 exo-

309 1303 401 1352 rare.
424 1279 597 1354 Preterea
618 1279 814 1356 statuimus
835 1296 878 1357 ut
898 1280 1148 1357 anniversario
1168 1308 1254 1357 meo
1271 1281 1447 1360 fratribus
1464 1284 1511 1360 de
1525 1283 1660 1360 eadem
1674 1306 1734 1363 sc-

307 1405 458 1483 clesiola
471 1407 638 1500 refectio,
655 1438 744 1486 cum
761 1410 1083 1489 administratione
1098 1411 1189 1503 vini,
1206 1429 1438 1519 preparetur,
1457 1431 1495 1490 et
1508 1434 1577 1519 pm
1588 1413 1733 1494 clericis

307 1541 586 1616 Tarnannensis
604 1540 775 1629 ecclesie,
790 1542 882 1618 dum
899 1540 1079 1630 obierint,
1096 1540 1257 1618 offitium
1273 1542 1373 1634 lieri,
1390 1558 1427 1619 et
1438 1544 1731 1622 anniversarium

307 1669 408 1744 diem
432 1694 565 1747 eorum
585 1671 687 1777 apud
701 1689 869 1748 sanctum
891 1671 1085 1750 bertinum
1112 1671 1279 1747 annotari
1305 1671 1536 1778 singulisque
1556 1674 1733 1752 matres

304 1797 457 1893 lebrari,
476 1802 574 1878 salvo
591 1802 723 1910 utique
743 1828 869 1882 annno
886 1833 999 1882 censu
1013 1792 1290 1880 Taruannensis
1311 1803 1485 1909 episcopi.

493 2005 640 2087 -signum
658 2006 819 2077 desanaus,
842 2010 970 2090 episcopi
993 2009 1174 2069 Morineusis.
1200 2007 1326 2090 Signum
1349 2007 1501 2067 Hennaarr
1521 2019 1551 2068 et
1572 2009 1729 2079 Wanrsm,

556 2107 837 2170 archidiaconorum.
866 2109 991 2192 Signum
1022 2112 1195 2179 Banasam,
1222 2110 1363 2171 canonici.
1391 2108 1516 2191 Signum
1548 2100 1728 2181 fissuram,

555 2230 721 2273 canonici.»

932 2446 1096 2521 XXIII.

597 2659 747 2700 exsuctas
767 2657 928 2706 tonsuris,
953 2656 1099 2707 nrtscorl,
1124 2656 1161 2698 1>ss
1183 2656 1312 2699 ursanust
1335 2659 1426 2699 sicvt.

357 2874 367 2902 u
382 2839 461 2943 Ego
475 2839 680 2927 lohannes,
694 2839 766 2914 Dei
777 2838 904 2945 gratia,
919 2822 1154 2916 Morinorum
1173 2837 1379 2943 episcopus,
1395 2853 1528 2914 notum
1543 2836 1628 2915 volo
1639 2836 1721 2914 lieri

297 2966 486 3069 quandam
499 2966 627 3042 silvam
642 2966 741 3072 apud
756 2967 891 3044 Gisnes
902 2969 1044 3073 proprii
1056 2996 1135 3044 esse
1141 2968 1239 3073 juris
1252 2969 1366 3045 sancti
1378 2968 1519 3044 Bertini
1531 3030 1539 3058 ‚
1552 2967 1722 3045 fratrem·

294 3125 367 3201 que
389 3095 563 3171 etlilium
577 3115 749 3173 nostrum
767 3098 1028 3185 Lambertum,
1049 3097 1223 3173 abbatem
1240 3100 1353 3176 saneti
1375 3099 1534 3187 Bertini,
1553 3117 1591 3174 et
1605 3100 1721 3176 comi—

293 3244 370 3301 tem
389 3226 614 3306 Gisnensem
631 3229 856 3319 Manassem,
878 3228 917 3302 in
933 3228 1120 3333 presentia
1138 3227 1362 3306 clericorum
1377 3257 1567 3319 meorum,
1585 3231 1625 3304 in
1647 3230 1719 3307 boc

293 3358 371 3463 pa'ri
382 3388 570 3437 concensu
587 3359 802 3438 convenisse
813 3392 822 3449 ς
833 3376 892 3448 ut,
909 3387 978 3464 pro
992 3358 1162 3466 ejusdem
1175 3358 1264 3436 silve
1279 3358 1429 3436 annuali
1444 3387 1577 3450 censu,
1592 3386 1719 3438 comes

292 3489 506 3582 Gisnensis,
524 3492 732 3568 secundum
748 3491 851 3598 quod
868 3491 1001 3568 cadem
1020 3488 1109 3568 silva
1137 3488 1250 3566 divisa
1266 3508 1377 3597 atque
1397 3488 1646 3566 determinata
1662 3490 1719 3567 di-

280 3623 461 3700 noscitur
480 3650 581 3711 esse,
604 3623 737 3701 abbate
758 3651 844 3700 cum
865 3621 942 3701 suis
962 3623 1205 3730 precedente,
1230 3639 1268 3698 et
1288 3622 1425 3699 comite
1442 3620 1714 3726 subsequente,

293 3754 494 3831 duodecim
508 3753 662 3846 solidos,
675 3754 713 3829 in
724 3753 920 3831 festivitate
937 3751 1280 3845 muctedlictrudis,
1293 3751 1418 3829 abbati
1425 3746 1622 3829 ¹annuatim
1637 3770 1717 3860 per·

292 3885 418 3962 solvat.
435 3886 491 3961 Ad
507 3914 622 3991 quem
635 3913 788 3961 censum
799 3884 1105 3991 persolvendum,
1123 3912 1185 3960 sex
1199 3883 1358 3974 solidos,
1374 3911 1469 3990 quos
1485 3883 1520 3958 ei
1537 3883 1584 3958 de
1599 3883 1715 3958 comi-

291 4031 409 4092 tatura
425 4045 490 4092 sna
505 4015 668 4094 debebat
680 4016 842 4123 quedam
853 4014 1056 4109 mulierde
1072 4014 1212 4105 Scales,
1231 4014 1370 4095 Lidwif
1381 4013 1554 4101 nomine,
1573 4040 1714 4090 cacon-

291 4149 434 4225 ditione
466 4148 625 4255 persolvi
646 4147 691 4224 ab
714 4147 845 4223 eadem
866 4145 1026 4222 muliere
1046 4144 1105 4220 vel
1125 4143 1172 4219 ab
1194 4145 1333 4221 herede
1354 4144 1477 4222 abbati
1504 4170 1630 4220 comes
1653 4141 1713 4219 in·
1763 4125 1770 4147 ’

288 4281 422 4372 stituit,
439 4300 497 4372 nt,
515 4283 545 4357 si
561 4299 675 4370 terra,
695 4307 807 4386 quanr
828 4279 960 4355 eadem
982 4274 1121 4352 mulier
1137 4276 1183 4351 de
1207 4292 1331 4351 sancto
1347 4275 1501 4351 Bertino
1524 4272 1708 4380 possidet,

288 4411 490 4515 aliquando
511 4411 651 4488 inculta
672 4427 708 4489 et
724 4438 800 4487 nou
822 4409 985 4486 habitata
1006 4406 1243 4494 remanserit,
1267 4404 1379 4480 abbas
1400 4416 1500 4491 eam,
1524 4401 1709 4480 nichil-de

287 4530 505 4619 comitatura
521 4543 689 4649 ejusdem
702 4560 801 4619 terre
814 4539 998 4630 tribuens,
1016 4532 1114 4616 colat
1135 4555 1171 4613 et
1181 4554 1378 4642 operetur,
1396 4534 1643 4641 quoadusque
1661 4533 1708 4610 ad

287 4672 429 4750 abbatis
448 4668 678 4749 veluntatem
691 4670 833 4778 ¹aliquis
852 4682 935 4746 eam
960 4682 1135 4774 repetens
1155 4665 1293 4744 incolat
1317 4682 1353 4742 et
1374 4678 1562 4773 operetur,
1586 4681 1623 4740 et
1645 4691 1707 4741 sex

284 4801 442 4893 solidos,
461 4814 529 4907 prb
544 4804 677 4890 cen'su,
695 4801 798 4877 bmni
813 4818 928 4890 armo,
946 4797 1071 4874 abbati
1087 4797 1283 4904 persultat:
1293 4797 1377 4892 'Qui
1393 4813 1518 4873 autem
1535 4792 1707 4871 mutuos
