4478 5842
187 574 196 589 ·
318 469 391 541 280
665 471 1077 547 CHARTULARIUM
1105 472 1387 545 SITHIENSE.

310 612 554 721 prerogativa,
578 613 716 718 quibus
737 614 935 720 operibus,
951 635 1035 720 'qua
1054 612 1248 721 religionis
1266 611 1485 690 excellentia
1500 611 1602 687 intus
1618 630 1656 688 et
1676 641 1738 690 ex-

308 742 492 819 trinsecus
508 745 662 820 creverit
680 744 751 823 sub
769 775 814 822 eo
829 745 1034 823 Cluniacus
1054 774 1123 851 per
1142 772 1262 821 annos
1274 743 1352 821 lere
1372 743 1576 848 sexaginta,
1596 742 1736 848 quibus

311 872 543 963 abbatisavit,
566 876 747 951 memoria
775 877 871 983 ejus,
894 876 1028 981 quein
1049 875 1290 982 generatione
1311 875 1597 981 generationum
1618 872 1737 949 bene-

181 1040 185 1048 ·
313 1004 470 1094 dicetur,
498 1006 537 1080 in
559 1022 733 1082 eternum
755 1005 871 1081 fixum
894 1003 1060 1082 habebit.

931 1264 1121 1338 LXXXI.

623 1482 659 1520 DE
681 1480 785 1521 PONTIO
808 1481 934 1528 ΑΒΒΑῚἜ,
958 1482 1057 1522 sancit
1082 1482 1213 1523 eudorus
1235 1480 1420 1553 successonr..

366 1677 552 1752 Successit
563 1677 614 1763 ei,
629 1677 812 1754 electione
827 1694 1054 1762 conventus,
1069 1696 1159 1754 tnnc
1169 1676 1340 1754 Cluniaci
1354 1683 1641 1766 commorantis,
1654 1679 1738 1785 qui-

313 1806 397 1881 dam
411 1807 586 1896 Pontius,
603 1822 699 1884 etate
717 1808 875 1916 juvenis.
897 1809 965 1885 Hic
980 1836 1068 1886 cum
1084 1836 1263 1886 monacus
1278 1809 1432 1885 alterius
1446 1827 1544 1886 esset
1562 1808 1734 1894 ecclesie,

312 1937 351 2012 in
360 1936 568 2044 juventutis
583 1937 694 2027 flore,
713 1966 782 2043 pro
799 1937 998 2015 nobilitate
1013 1967 1095 2030 sua,
1114 1967 1133 2014 a
1149 1939 1344 2016 nonnullis
1362 1939 1559 2045 episcopus
1576 1937 1742 2029 electus,¹
1776 1990 1783 2001 ·

312 2065 603 2145 reclamantibus
618 2068 855 2173 sapientioris
876 2068 1022 2146 consilii
1038 2068 1144 2157 viris,
1167 2070 1216 2146 ad
1234 2070 1452 2167 Paschalem
1474 2099 1607 2176 papam
1629 2046 1738 2176 proli-

312 2198 478 2291 ciscitur,
509 2199 589 2306 ejus
611 2199 830 2276 auctoritate
854 2201 1010 2307 cupiens
1039 2198 1192 2306 adipisci
1223 2199 1472 2305 episcopalem
1502 2200 1733 2307 dignitatem.

312 2327 388 2404 Sed
411 2359 520 2436 papa,
542 2331 693 2408 intuens
716 2357 805 2406 eum
825 2358 902 2406 non
923 2359 1002 2407 esse
1024 2331 1129 2407 etatis
1154 2330 1242 2438 lruic
1267 2329 1436 2437 dignitati
1462 2328 1733 2417 convenientis,

313 2458 596 2566 multorumque
617 2462 773 2539 audiens
793 2460 1115 2551 reclamationem,
1146 2460 1249 2537 hunc
1273 2489 1402 2539 secum
1429 2461 1620 2568 aliquanto
1640 2475 1737 2534 tem-

312 2618 402 2694 pore
419 2590 597 2682 detinuit,
613 2591 850 2698 alterumque
865 2592 1049 2668 concessit
1063 2591 1238 2669 substitui
1255 2591 1484 2696 episcopum.
1501 2592 1632 2667 Postea
1647 2616 1735 2665 vero

313 2721 414 2796 hunc
432 2720 654 2799 Cluniacum
670 2723 789 2812 misit,
813 2739 850 2798 et
863 2720 989 2800 abbati
1001 2721 1153 2830 Hugoni
1168 2719 1372 2798 venerabili
1389 2736 1530 2796 attente
1545 2747 1737 2796 commen·

314 2850 423 2926 davit.
446 2850 537 2943 Cui,
559 2866 602 2928 ut
618 2851 710 2942 dixi,
732 2852 952 2945 succedens,
974 2869 1059 2958 post
1084 2880 1220 2957 paucos
1244 2878 1362 2927 annos
1387 2848 1635 2927 ordinationis
1652 2876 1734 2936 sue,
1807 2880 1809 2885 ’

313 2980 515 3084 peragratis
537 2979 793 3085 superioribus
816 2983 1054 3059 monasteriis
1079 2982 1273 3088 Hispanie,
1301 2980 1538 3088 Burgundie,
1566 2979 1735 3068 Francie,

313 3106 467 3184 Abbatis
490 3108 628 3188 Villam
647 3109 804 3187 tandem
825 3111 991 3198 devenit,
1015 3141 1101 3188 cum
1116 3113 1216 3220 jam,
1237 3131 1323 3188 ante
1344 3113 1548 3191 adventum
1562 3109 1735 3200 Domini,

312 3238 513 3318 Lamberto
537 3236 662 3318 abbati
685 3239 916 3318 mandaverit
939 3241 1038 3318 sein
1061 3241 1186 3319 Sithiu
1212 3240 1490 3319 celebraturum
1511 3239 1646 3347 pascha
1664 3240 1737 3315 Do·
1776 3327 1778 3330 y

313 3369 419 3445 mini.
444 3369 559 3464 Quod
587 3370 742 3478 quidam
768 3368 877 3447 aliter
904 3387 1185 3479 retorquentes,
1215 3370 1390 3483 dixerunt
1416 3372 1517 3447 hunc
1544 3369 1736 3446 dixisse-se

313 3501 453 3578 curiam
474 3530 580 3579 suam
604 3500 700 3579 velle
721 3500 910 3579 celebrare
936 3501 976 3578 in
1002 3500 1294 3581 ecclesia'sancti
1312 3502 1456 3579 Bertini
1473 3501 1579 3609 quasi
1597 3500 1638 3577 in
1652 3527 1739 3606 pro-

311 3633 403 3737 pria.
428 3621 694 3710 Cluniacenses
712 3648 804 3710 tunc
828 3632 1029 3711 nobiscum
1054 3650 1330 3724 conversantes,
1362 3632 1570 3745 ceterisque
1599 3629 1738 3736 princi·
1834 3701 1839 3713 .

310 3778 441 3866 pantes
460 3761 612 3841 lenitate
633 3763 765 3855 animi,
783 3765 863 3872 ejus
885 3764 1046 3847 adventu
1071 3763 1282 3856 exhilarati,
1308 3760 1680 3840 reserebanturinter
1696 3789 1735 3837 se

313 3890 463 3978 dixisse,
493 3892 598 3999 quod
617 3890 731 3971 abbas
758 3893 1002 3983 lambertus,¹
1024 3893 1064 3971 in
1094 3894 1280 4001 presentia
1308 3892 1582 3984 Clunincensis,
1610 3891 1738 3969 debita

311 4023 516 4101 reverentia
533 4041 571 4101 et
583 4039 764 4129 potestate
780 4024 997 4130 privaretur,
1015 4011 1271 4104 Cluniacensis
1289 4025 1498 4130 deponeret
1512 4050 1609 4130 quos
1623 4020 1738 4099 vellet

311 4155 649 4263 substitueretqne,
672 4170 709 4231 et
727 4153 766 4230 in
792 4152 970 4232 cardinali
990 4154 1134 4234 abbatis
1160 4156 1248 4235 sede
1268 4171 1396 4247 staret,
1420 4171 1464 4231 ut
1488 4150 1602 4230 abbas
1625 4132 1739 4229 ilvha-

311 4301 405 4361 tum.
424 4286 540 4378 Quod
557 4302 757 4374 nostrates,
777 4315 863 4373 cum
881 4303 985 4395 patre
1003 4284 1222 4373 lamberto,
1241 4285 1454 4376 audientes,
1472 4283 1637 4365 concidit
1655 4281 1737 4361 vul·

311 4431 537 4492 tuscorum.
