4478 5842
425 506 549 580 PARS
575 505 774 578 TERTIA.
796 547 844 560 -
862 503 1286 577 CONTINUATORES
1311 504 1533 579 SIMONIS.
1624 508 1698 580 565

285 647 563 750 parrochiarum
590 663 815 736 vestrarum,
850 644 978 722 nullus
1013 642 1205 721 ecclesiam
1235 645 1293 721 vel
1323 646 1529 732 oratorium
1564 646 1701 753 absque

284 794 404 854 vestro
432 805 600 868 assensu,
628 774 800 852 edificare
825 791 1032 881 presumat,
1062 773 1170 851 salvis
1194 792 1321 852 tamen
1346 774 1547 882 privilegiis
1570 776 1705 853 Roma-

285 933 422 983 norum
447 907 681 1013 pontificum.
706 905 892 982 Stationes
915 921 1038 980 autem
1064 904 1232 1008 publicas
1257 904 1303 981 ab
1330 905 1505 1010 episcopo
1523 906 1563 980 in
1585 923 1706 981 vestro

285 1037 528 1126 monasterio,
551 1064 616 1141 seu
637 1035 852 1142 episcopum
873 1032 965 1110 illuc
981 1032 1126 1121 venire,
1152 1034 1222 1110 nisi
1249 1034 1295 1110 ab
1321 1033 1453 1110 abbate
1475 1051 1512 1108 et
1531 1033 1706 1110 fratribus

284 1164 398 1241 fuerit
418 1141 850 1256 evocatus‚l0mnim0do
875 1162 957 1239 fieri
977 1162 1235 1267 prohibemus.
1260 1163 1514 1239 Possessiones
1537 1181 1704 1268 preterea

286 1311 322 1368 et
341 1295 520 1382 decimas,
544 1323 636 1401 quas
658 1293 927 1373 monasterium
944 1309 1110 1386 vestrum
1134 1321 1153 1367 a
1177 1290 1421 1398 quadraginta
1445 1293 1551 1368 annis
1574 1293 1705 1369 incon-

285 1452 388 1499 cusse
414 1423 602 1529 possedit,
632 1422 1014 1529 et'inpresentiarum
1038 1423 1118 1523 sine
1148 1422 1395 1498 controversia
1421 1422 1636 1528 possidetis,
1666 1424 1704 1499 in
1767 1431 1769 1435 ’

286 1552 462 1631 omnibus
482 1570 519 1629 et
541 1582 608 1659 per
628 1582 692 1632 vos
717 1552 838 1630 eidem
863 1552 1090 1628 monasterio
1108 1536 1325 1627 auctoritate
1348 1551 1550 1656 apostolica
1568 1553 1705 1630 confir-

285 1712 440 1761 mamus.
468 1686 564 1762 Sane
583 1684 771 1762 novalium
789 1701 1014 1770 vestrorum,
1034 1709 1108 1788 que
1128 1682 1287 1788 propriis
1305 1683 1478 1758 manibus
1496 1699 1560 1759 aut
1579 1712 1705 1789 sump

282 1812 383 1897 tibus
411 1813 550 1906 colitis,
576 1814 649 1892 sive
678 1815 726 1892 de
752 1813 991 1890 nutrimentis
1020 1812 1239 1888 animalium
1270 1830 1498 1903 vestrorum,
1527 1812 1655 1889 nullus
1685 1843 1705 1889 a

282 1943 386 2019 vobis
405 1944 568 2021 decimas
589 1945 733 2051 exigere
750 1942 807 2017 vel
823 1960 1044 2048 extorquere
1062 1959 1263 2046 presumat.
1285 1943 1409 2018 Liceat
1428 1971 1589 2049 quoque.
1602 1942 1706 2020 vobis

267 2072 438 2157 ‚clericos
459 2071 517 2149 vel
541 2072 672 2164 laicos,
698 2101 718 2150 e
746 2071 874 2149 seculo
896 2072 1096 2179 fugientes,
1120 2070 1259 2149 liberos
1279 2089 1315 2147 et
1339 2071 1532 2150 absolutos
1550 2074 1597 2149 ad
1616 2101 1705 2151 con-

284 2205 491 2280 versionem
517 2205 700 2311 recipere,
734 2221 771 2280 et
795 2230 860 2279 eos
885 2203 1024 2309 absque
1040 2201 1345 2279 contradictione
1374 2185 1497 2308 aliqua
1528 2204 1701 2281 retinere.

284 2335 380 2413 Cum
407 2353 532 2413 autern
557 2335 730 2444 generale
755 2334 996 2412 interdictum
1021 2352 1119 2411 terre
1148 2333 1276 2425 suerit,
1303 2333 1411 2410 liccat
1434 2332 1556 2424 vobis,
1579 2334 1704 2441 januis

284 2465 436 2553 clausis,
462 2466 617 2543 exclusis
647 2464 976 2543 excommunicatis
1007 2481 1044 2540 et
1073 2464 1296 2555 interdictis,
1326 2493 1403 2540 non
1428 2463 1584 2570 pulsatis
1608 2492 1706 2540 cam-

284 2594 406 2700 panis,
428 2596 625 2700 subpressa
651 2623 739 2672 voce
764 2595 886 2671 divina
906 2591 1026 2669 officia
1051 2592 1252 2670 celebrare.
1282 2595 1323 2668 ln
1346 2592 1642 2698 parrochialibus
1659 2595 1704 2671 si-

283 2725 437 2830 quidem
464 2725 646 2815 ecclesiis,
675 2754 767 2830 quas
793 2724 959 2813 habetis,
988 2722 1096 2799 liceat
1120 2704 1224 2800 vobis
1250 2723 1460 2800 sacerdotes
1485 2723 1640 2831 eligere,
1668 2743 1705 2801 et

280 2855 482 2931 diocesano
509 2854 661 2932 ecclesie
683 2873 912 2961 presentare,
937 2854 1091 2959 quibus,
1113 2855 1144 2929 si
1169 2854 1307 2960 ydonei
1331 2853 1489 2940 luerint,
1511 2853 1705 2960 episcopus

284 2985 493 3060 animarum
512 3014 638 3062 curam
660 2986 868 3062 committat
891 3017 899 3060 ε
921 2986 971 3060 ita
993 2983 1147 3089 quidem
1171 2984 1273 3089 quod
1302 2985 1336 3060 ei
1359 2985 1405 3060 de
1429 2984 1703 3087 spiritualibus,

284 3115 387 3192 vobis
414 3133 538 3192 autem
566 3116 612 3192 dc
640 3116 931 3221 temporalibus,
964 3114 1126 3191 debeant
1152 3113 1392 3219 respondere.
1426 3112 1568 3191 Crisma
1596 3144 1703 3206 vero,

283 3245 410 3321 oleum
436 3263 624 3339 sanctum,
657 3247 954 3325 consecrationes
979 3245 1152 3323 altarium
1180 3273 1248 3322 seu
1273 3245 1530 3335 basilicarum,
1558 3245 1707 3322 ordina-

282 3375 403 3453 tiones
432 3404 518 3453 vero
547 3378 843 3470 monachorum,
879 3378 943 3482 qui
976 3376 1024 3452 ad
1055 3404 1177 3452 sacros
1206 3375 1358 3452 ordines
1388 3375 1528 3450 suerint
1555 3404 1708 3480 promo·

282 3507 413 3593 vendi,
432 3538 450 3583 a
472 3507 670 3586 diocesano
691 3509 897 3611 suscipiatis
919 3507 1109 3612 episcopo,
1129 3505 1332 3610 siquidem
1352 3504 1555 3581 catholicus
1571 3504 1703 3596 luerit,
1761 3566 1764 3570 .

284 3654 321 3712 et
341 3640 497 3744 gratiam
515 3656 627 3743 atquc
649 3638 957 3715 communionem
980 3636 1079 3711 sedis
1097 3635 1298 3740 apostolice
1323 3635 1514 3721 habuerit,
1537 3653 1574 3713 et
1592 3664 1633 3712 ea
1648 3665 1706 3714 vo·

282 3765 340 3841 bis
358 3767 471 3871 gratis
484 3784 522 3842 et
536 3767 676 3873 absque
694 3767 869 3872 pravitate
886 3766 1008 3871 aliqua
1024 3765 1185 3843 voluerit
1202 3747 1396 3856 exbibere3
1416 3765 1584 3872 alioquin
1596 3766 1706 3844 liccat

283 3896 387 3971 vobis
409 3924 523 4001 quern
549 3898 757 3973 malueritis
781 3897 1007 3973 catholicum
1025 3897 1129 3973 adire
1157 3897 1378 3989 antistitem,
1408 3899 1473 4003 qui
1498 3897 1726 3987 nimirum,

284 4042 408 4102 nostra
432 4023 550 4102 saltus
575 4027 812 4115 auctoritate,
845 4027 949 4132 quod
979 4026 1189 4132 postulatur
1220 4026 1425 4133 indulgeat.
1463 4028 1703 4135 Sepulturam

284 4184 436 4262 quoque
464 4155 677 4260 ipsius‘loci
708 4156 865 4233 liberam
893 4185 972 4234 esse
1002 4157 1255 4248 decernimus,
1280 4174 1322 4235 ut
1351 4185 1482 4234 eorum
1510 4158 1702 4235 devocioni

284 4303 321 4362 et
343 4303 506 4363 extreme
535 4287 715 4364 voluntati
742 4289 807 4394 qni
833 4315 871 4363 se
896 4287 974 4363 illic
999 4288 1149 4394 sepeliri
1176 4287 1479 4379 deliberaverint,
1509 4287 1581 4364 nisi
1606 4288 1702 4366 forte

283 4418 594 4496 excommunicati
612 4418 669 4494 vel
688 4417 876 4495 interdicti
894 4418 985 4511 siut,
1009 4418 1139 4497 nullus
1164 4418 1337 4505 obsistat,
1359 4415 1601 4495 salvatamen
1622 4419 1701 4526 jus-

281 4546 368 4621 ticia
385 4546 535 4623 illarum
556 4547 795 4626 ecclesiarum
816 4578 834 4625 a
856 4549 994 4655 quibus
1013 4566 1249 4626 mortuorum
1271 4575 1426 4654 corpora
1448 4566 1700 4626 assumuntur.

283 4676 458 4754 Obcunte
479 4707 567 4757 vero
594 4697 649 4768 te,
679 4708 779 4756 nunc
803 4679 974 4786 ejusdem
1000 4678 1075 4756 loci
1097 4679 1249 4770 abbate,
1267 4663 1331 4755 vel
1351 4696 1504 4756 tuorum
1530 4678 1702 4784 quolibet

284 4836 556 4898 successorum,
584 4809 713 4886 nullus
737 4810 788 4886 ibi
816 4809 984 4916 qualibet
1007 4810 1253 4917 surreptionis
1274 4811 1409 4888 astucia
1437 4838 1503 4886 seu
1526 4808 1700 4886 violentia
