4478 5842
314 475 386 544 556
661 476 1064 548 CHARTULAlllUll
1092 474 1375 546 Sl'l'HlENSE.

312 614 447 692 altaris.
467 619 519 693 Ne
539 618 653 725 igitur
671 618 741 693 hec
761 616 966 694 elemosina
985 616 1101 722 possit
1120 615 1166 691 ab
1187 614 1314 720 aliquo
1332 612 1484 718 infringi
1503 611 1559 688 vel
1575 611 1723 700 cassari,

310 745 420 852 sigilli
443 747 519 822 mei
541 748 759 824 auctoritate
781 775 863 821 eam
887 743 1100 822 confirmari
1120 745 1288 850 precepi,
1312 770 1410 819 anno
1430 740 1585 818 Domini
1603 739 1725 815 mille-

310 875 404 951 simo
425 879 629 955 centesimo
649 876 924 982 septuagesimo
944 875 1147 978 septimo.»

903 1145 1105 1221 XXXIX.

808 1333 845 1370 oe
866 1328 1029 1371 concauam
1052 1328 1225 1380 nenouama.

364 1511 716 1614 supramemoratus
728 1532 854 1583 comes
867 1506 1078 1611 Philippus,
1096 1505 1268 1583 nondum
1288 1507 1422 1611 adepto
1440 1505 1627 1583 desiderio
1641 1535 1721 1597 suo,

308 1638 354 1712 de
369 1636 582 1741 berquaria,
599 1663 712 1740 quarn
728 1636 768 1709 in
785 1635 977 1740 parrochia
998 1635 1114 1711 sancti
1130 1634 1356 1724 Villebrodi,
1375 1652 1419 1711 ut
1436 1635 1609 1740 superius
1629 1637 1725 1712 dixi-

306 1795 411 1854 mus,
435 1764 681 1854 habebamus,
702 1793 789 1840 cum
808 1764 949 1871 ubique
970 1793 1030 1842 res
1049 1784 1208 1852 nostras,
1226 1783 1406 1870 tanquam
1424 1762 1548 1841 fidelis
1568 1765 1724 1843 ecclesie

306 1895 495 1983 defensor,
530 1876 752 1971 defendere?
780 1913 818 1970 et
847 1878 1128 1981 manuteneret,
1159 1894 1212 1970 ibi
1239 1913 1368 1971 tamen
1399 1922 1485 1973 cum
1515 1894 1652 1971 multas
1687 1914 1725 1972 et

303 2054 429 2131 graves
450 2025 720 2102 sustineremus
745 2025 918 2132 injurias,
938 2027 1123 2133 corrigere
1144 2024 1410 2112 dissimulavit,
1435 2041 1474 2099 et
1489 2025 1594 2129 quasi
1610 2054 1653 2102 ex
1668 2029 1726 2103 in-

306 2156 464 2245 dustria,
487 2172 529 2232 ut
548 2156 820 2260 possessionem
847 2155 950 2232 illam
973 2156 1011 2231 in
1033 2157 1164 2233 odium
1190 2173 1227 2232 et
1250 2155 1397 2231 tedium
1417 2153 1527 2231 nobis
1546 2171 1721 2248 verteret,

304 2287 606 2393 quodammodo,
624 2303 665 2362 ut
683 2286 891 2371 videbatur,
907 2288 1105 2364 consensit.
1128 2285 1236 2362 Unde
1254 2284 1369 2361 abhas
1384 2298 1523 2373 noster,
1540 2284 1723 2364 voluntati

305 2417 452 2492 comitis
471 2416 729 2522 obtemperare
751 2417 844 2493 utile
865 2417 1036 2505 credens,
1067 2417 1249 2494 concessit
1269 2416 1303 2490 ei
1323 2433 1441 2492 totam
1461 2416 1721 2523 berquariam,

303 2544 462 2623 redditis
481 2547 592 2623 etiam
608 2565 760 2623 centum
781 2545 931 2638 solidis,
951 2575 1047 2654 quos
1064 2547 1338 2633 Theodericus,
1359 2563 1464 2651 pater
1475 2574 1582 2632 suus,
1597 2547 1722 2623 abbati

304 2675 531 2754 Godescalco
553 2676 592 2750 in
611 2678 710 2752 Nova
726 2674 868 2751 Palude
890 2677 1146 2782 assignaverat.
1164 2677 1301 2754 Comes
1321 2704 1408 2754 vero
1431 2677 1535 2752 dedit
1554 2675 1664 2751 nobis
1684 2679 1743 2751 in·

305 2807 566 2882 concambium
582 2804 711 2911 viginti
730 2804 844 2880 libras
858 2806 898 2879 in
912 2823 1011 2882 terra
1026 2807 1226 2892 Fumensi,
1242 2807 1289 2881 de
1307 2807 1409 2882 brevi
1424 2806 1554 2883 Leonii
1570 2807 1721 2895 notarii,

303 2963 394 3041 quas
411 2953 448 3009 et
467 2933 661 3039 privilegio
676 2961 744 3009 suo
757 2951 938 3038 perpetuo
957 2935 1149 3012 habendas
1169 2934 1413 3012 confirmavit.

971 3210 1057 3285 XL.

847 3391 1001 3433 suthem
1022 3392 1189 3434 PlllVleGll.

361 3573 465 3676 «Ego
485 3569 698 3676 Philippus,
720 3568 894 3645 Flandrie
909 3586 947 3645 et
959 3570 1201 3648 Viromandie
1220 3574 1362 3662 comes,
1383 3591 1517 3650 notum
1537 3603 1615 3652 esse
1636 3576 1722 3654 volo

303 3720 378 3778 tam
390 3702 625 3805 presentibus
640 3728 753 3806 quam
770 3700 919 3785 suturis,
934 3701 1037 3807 quod
1054 3702 1143 3777 dedi
1159 3702 1283 3779 abbati
1299 3721 1337 3781 et
1347 3704 1500 3783 ecclesie
1514 3708 1628 3783 sancti
1640 3708 1723 3784 Ber·

303 3833 371 3908 tini
388 3859 434 3908 xx
450 3832 564 3907 libras
584 3830 824 3907 Flandrensis
848 3831 1198 3940 monete,·singulis
1225 3835 1331 3910 aunis
1352 3836 1585 3941 recipiendas
1603 3866 1646 3913 ex
1666 3838 1723 3915 ol·

303 3961 383 4039 sitio
399 3961 529 4038 Leonii
547 3961 681 4037 notarii
697 3962 743 4037 de
760 3962 913 4052 Furnis3
930 3962 969 4038 in
983 3962 1078 4040 festo
1097 3966 1212 4040 sancti
1229 3964 1377 4044 Andree
1390 3967 1520 4043 decem
1535 3967 1666 4057 libras,
1685 3987 1722 4046 et

303 4096 339 4170 in
361 4093 455 4170 lesto
473 4093 588 4169 sancti
606 4091 788 4171 lobannis
808 4118 831 4168 x
848 4091 980 4184 libras,
1001 4123 1070 4201 pro
1087 4092 1305 4173 concambio
1320 4116 1418 4175 terre
1438 4126 1504 4175 sue
1523 4128 1636 4204 quam
1657 4100 1722 4175 ha·
1829 4176 1836 4188 ,

302 4225 445 4301 hebant
460 4204 560 4329 apud
578 4222 823 4329 Greveninga.
847 4222 895 4298 Ut
913 4242 1035 4302 ratum
1054 4226 1236 4303 habeatur
1256 4227 1554 4333 imperpetuum,
1571 4258 1723 4335 presen-

301 4372 378 4430 tem
397 4354 575 4433 cartulam
596 4353 706 4462 sigilli
726 4353 800 4429 mei
819 4356 1037 4441 auctoritate
1058 4375 1096 4433 et
1116 4357 1268 4435 testium
1291 4358 1556 4437 subnotatione
1580 4360 1721 4437 muniri

301 4514 461 4595 precepi.

449 4669 593 4751 «Signum
610 4667 647 4729 G.
666 4668 702 4728 D.
724 4667 848 4751 Signum
867 4672 1009 4733 Wscrsm
1029 4671 1067 4731 de
1086 4672 1152 4732 loc.
1173 4671 1298 4754 Signum
1321 4674 1450 4736 Ananim
1472 4675 1511 4734 de
1529 4672 1720 4754 holenghem.

463 4770 586 4854 Signum
597 4770 701 4832 Lmnn
711 4817 719 4840 ,
731 4772 845 4833 notarii.
857 4772 983 4855 Signum
992 4773 1155 4844 Rrooaniu,
1169 4775 1281 4836 notarii.
1295 4775 1419 4858 Signum
1431 4775 1524 4837 fratris
1536 4775 1721 4837 Turonum.
