4478 5842
584 470 711 542 PARS
745 465 920 540 Pulsis
940 509 990 523 -—
1009 466 1269 555 FOLQUINI
1296 467 1390 537 ΗΒ.
1418 470 1444 538 Ι.
1679 466 1742 551 117,

932 768 1105 843 XXVII.

762 948 912 989 excurras
931 949 1059 990 reusneri
1082 931 1267 990 rnrvrnee11².

363 1128 649 1207 -Theodericus
671 1155 736 1204 rex
763 1129 1004 1204 Francorum.
1028 1127 1152 1220 Quem
1181 1126 1305 1202 divina
1330 1129 1449 1232 pietas
1472 1130 1650 1209 sublimat
1678 1134 1725 1209 ad
1769 1177 1800 1212 ιο
1816 1175 1872 1223 nav.
1889 1176 1951 1227 721.
2049 1130 2054 1145 '

304 1285 480 1368 regnum,
499 1261 682 1337 condecet
695 1257 789 1334 facta
805 1284 949 1334 servare
963 1273 1162 1362 parentum
1178 1286 1186 1331 :
1203 1258 1380 1361 precipue
1394 1288 1475 1364 quae
1490 1264 1725 1367 compendiis

305 1391 547 1467 ecclesiarum
563 1407 627 1469 aut
638 1389 730 1466 locis
745 1404 970 1477 sanctorum,
985 1415 1005 1462 a
1021 1387 1136 1493 regali
1152 1384 1363 1479 clementia,
1380 1417 1449 1493 pro
1466 1406 1601 1467 aeterna
1616 1395 1725 1469 retri-

303 1520 473 1611 butione,
490 1520 673 1625 probatur
684 1546 763 1596 esse
779 1517 987 1608 indultum,
1002 1533 1154 1621 oportet
1168 1545 1384 1593 conservare
1403 1519 1442 1593 in
1458 1548 1587 1622 arvum.
1608 1524 1725 1629 lgitur

304 1669 501 1757 cognoscat
516 1650 737 1758 magnitudo
754 1678 795 1725 ac
814 1647 956 1725 utilitas
971 1664 1109 1735 vestra,
1128 1648 1381 1726 venerabilem
1396 1650 1516 1727 vimm
1532 1651 1725 1730 Erbenbo-

305 1782 408 1874 dum,
423 1781 660 1859 abbatemde
672 1779 901 1859 monasterio
915 1778 1053 1868 Sithiu‚
1066 1806 1137 1883 per
1150 1779 1283 1856 missos
1293 1807 1381 1856 suos
1396 1779 1605 1858 clementie
1617 1786 1724 1891 regni

304 1913 420 1989 nostri
438 1912 574 1990 detulit
587 1912 628 1988 in
641 1911 832 2002 notitiam,
849 1910 954 2016 quod
968 1909 1143 1986 tritavus²
1162 1928 1300 2001 noster,
1316 1911 1589 2003 Theodericus,
1605 1944 1725 2020 quon-

305 2042 392 2116 dam
406 2070 480 2132 rex,
498 2070 565 2147 per
579 2042 861 2148 preceptionem
875 2067 992 2128 suam,
1010 2067 1075 2116 sua
1089 2067 1202 2116 manu
1218 2039 1481 2145 subscriptam,
1501 2047 1724 2123 antecessori

304 2199 372 2248 suo
387 2171 559 2264 Bertino,
580 2171 774 2279 quendam
800 2169 944 2262 abbati,
968 2170 1027 2247 vel
1044 2168 1215 2276 predicte
1234 2173 1464 2247 monasterio
1485 2174 1626 2265 Sithiu‚
1648 2177 1722 2251 tale

303 2298 531 2411 beneficium
542 2303 794 2393 concessisset,
808 2319 851 2378 ut
860 2301 965 2408 quod
977 2300 1073 2376 infra
1085 2297 1175 2376 [iseo
1189 2316 1329 2390 nostro,
1342 2300 1408 2376 ubi
1422 2317 1460 2375 et
1471 2300 1549 2392 ubi,
1562 2303 1603 2392 in
1614 2332 1722 2408 quas-

253 2464 260 2471 ·
304 2410 547 2539 cunquelibet
568 2434 672 2540 pagis
690 2434 749 2511 vel
773 2432 986 2522 territoriis,
1015 2447 1270 2536 comparatum
1291 2430 1469 2521 habebat,
1492 2449 1557 2508 aut
1573 2433 1721 2511 inantea

303 2561 350 2637 ad
378 2548 672 2669 compaiandum
702 2562 868 2638 invenire
897 2562 1054 2667 poterit,
1080 2559 1139 2636 vel
1161 2561 1265 2664 quod
1287 2560 1377 2635 boni
1403 2560 1577 2638 homines
1598 2565 1720 2642 Deum
1752 2669 1758 2681 ι

301 2693 492 2785 timentes,
514 2723 582 2799 pro
604 2692 799 2768 animabus
818 2717 968 2780 eorum,
987 2691 1037 2767 ad
1057 2691 1349 2794 suprascriptum
1369 2693 1638 2769 monasterium
1656 2696 1721 2772 de-

303 2822 450 2912 derant,
473 2839 538 2898 aut
554 2824 702 2897 inantea
720 2820 911 2911 dederint,
932 2821 1005 2897 hoc
1021 2820 1213 2911 habuisset
1232 2848 1471 2911 concessum
1494 2839 1531 2899 et
1550 2826 1655 2928 quod
1674 2829 1720 2902 de

302 2953 391 3028 hsco
413 2968 541 3027 nostro
562 2966 817 3055 comparatum
832 2949 1016 3040 habebat,
1044 2967 1109 3025 aut
1132 2924 1283 3025 inairtea
1307 2969 1573 3054 comparasset,
1595 2975 1722 3060 preter
1794 2998 1797 3003 ·

301 3081 405 3158 illam
418 3097 558 3159 terram
570 3081 673 3158 unde
687 3108 800 3186 opera
813 3080 1043 3185 carpentaria
1055 3095 1208 3170 exeunt,
1224 3080 1297 3157 hoc
1307 3080 1499 3158 habuisset
1511 3083 1716 3176 indultum,

299 3231 343 3289 ut
371 3211 477 3289 nulla
496 3211 694 3317 judiciaria
714 3226 877 3316 potestas
896 3209 1024 3287 nullos
1050 3209 1221 3286 redditus
1246 3227 1352 3288 terrae
1374 3239 1443 3287 nec
1467 3213 1589 3291 nullas
1612 3216 1720 3292 func-

197 3374 210 3433 l
300 3345 422 3420 tiones
442 3342 610 3448 publicas
635 3340 776 3432 eidem,
803 3341 852 3418 ob
883 3341 1146 3446 hoc,·'exigere
1174 3357 1237 3415 aut
1258 3357 1422 3417 exactare
1446 3342 1502 3417 vel
1528 3346 1718 3448 requirere

236 3458 238 3462 ⁵
300 3501 377 3550 non
399 3473 567 3551 deberet.
581 3473 691 3549 Unde
710 3490 749 3549 et
764 3471 884 3577 ipsam
899 3469 1182 3575 preceptionem
1192 3471 1271 3577 jam
1291 3470 1379 3545 dicti
1400 3471 1521 3546 tritavi
1542 3476 1660 3549 nostri
1680 3504 1717 3549 se

298 3632 365 3709 pre
389 3602 562 3681 manibus
582 3601 722 3679 hahere
745 3629 790 3678 ex
820 3602 894 3682 hoc
921 3599 1132 3689 affirmavit,
1163 3615 1200 3675 et
1231 3596 1340 3675 nobis
1369 3599 1409 3673 in
1441 3602 1604 3704 presenti
1636 3633 1718 3685 eam

300 3734 465 3811 ostendit
474 3733 522 3809 ad
534 3732 750 3840 legendum3
764 3749 801 3808 et
811 3732 889 3837 ipsa
902 3730 1085 3809 beneficia
1097 3757 1281 3820 concessa,
1297 3729 1344 3806 de
1358 3757 1404 3806 eo
1417 3746 1587 3837 tempore
1600 3762 1718 3840 usque

299 3890 415 3951 nunc,
433 3864 589 3941 asseruit
611 3890 692 3940 esse
711 3879 936 3977 conservata,
959 3861 1053 3952 Sed,
1069 3891 1136 3965 pro
1156 3861 1344 3939 firmitatis
1368 3862 1591 3956 custodiam,
1610 3867 1720 3970 petiit

299 3988 561 4067 celsitudinem
575 4007 753 4081 nostram,
768 4005 811 4064 ut
825 3989 909 4078 hoc,
922 3989 1017 4064 circa
1028 3990 1151 4092 ipsum
1163 3988 1288 4065 locum
1301 4009 1485 4082 sanctum,
1501 4023 1569 4099 pro
1583 3998 1718 4075 nostris

301 4118 527 4196 deberemus
545 4121 768 4195 confirmare
782 4117 956 4195 oraculis.
973 4119 1088 4210 Quod
1098 4145 1178 4208 nos,
1193 4135 1347 4223 propter
1362 4148 1502 4198 nomen
1512 4125 1666 4202 Domini
1681 4145 1719 4202 et

298 4250 505 4329 reverentia
523 4250 642 4356 ipsius
658 4248 775 4327 sancti
795 4247 886 4340 loci,
906 4247 1065 4355 gratanti
1084 4247 1210 4325 animo
1230 4248 1282 4325 ita
1296 4250 1499 4355 prestitisse
1522 4256 1615 4332 etin
1635 4284 1717 4334 om-

299 4381 412 4472 nibus
428 4379 667 4459 confirmasse
684 4364 907 4487 cognoscite.
924 4378 1176 4485 Precipientes
1189 4379 1304 4472 enirn,
1321 4398 1364 4459 ut
1377 4383 1561 4490 quicquid
1574 4404 1718 4467 constat

299 4512 592 4617 suprascriptum
604 4511 779 4587 tritavum
793 4525 965 4589 nostrum
978 4510 1275 4605 Theodericum,
1291 4515 1486 4620 quondam
1504 4491 1648 4624 regern,
1670 4519 1716 4594 de

298 4641 380 4746 ipso
394 4639 580 4738 beneficio
592 4706 600 4732 ,
612 4641 709 4719 sicut
723 4640 895 4748 superius
913 4658 969 4720 est
983 4641 1316 4749 comprehensum,
1334 4645 1477 4752 prefato
1489 4647 1644 4726 Bertino
1659 4646 1717 4722 vel

341 4815 347 4844 ¹
372 4815 457 4897 Apud
471 4815 578 4877 hlabill.
594 4816 637 4876 De
650 4838 678 4876 re
695 4815 802 4896 diplom.
815 4836 843 4897 p.
860 4813 929 4899 609.
1030 4816 1039 4845 ’
1062 4816 1184 4880 Emend.
1195 4839 1318 4898 pronsas.
