4478 5842
578 428 705 536 alas
738 406 1249 555 parua-rotmari
1275 459 1370 533 ma.
1397 461 1445 531 11.
1636 461 1706 532 155

300 596 463 681 domnus
491 604 604 680 etiam
635 602 749 681 abbas
772 600 1012 710 Regenoldus
1038 629 1256 707 percussus,
1285 602 1358 679 loci
1380 602 1492 707 hujus
1518 600 1704 706 regimen,

298 749 413 834 prout
431 750 591 839 poterat,
616 762 714 810 anuo
730 733 807 810 fere
828 734 974 843 integro
994 734 1193 839 posthaec,
1214 731 1384 838 regebat,
1401 746 1541 808 secrete
1561 729 1600 803 in
1616 727 1707 804 cella

300 887 535 953 conversans,
553 892 573 938 a
594 863 749 939 fratrum
766 879 951 938 conventu
970 880 1147 939 semotus.
1166 861 1354 953 Tandem,
1372 861 1508 938 comite
1528 857 1706 947 Arnulso,

300 992 425 1069 morbi
444 993 557 1100 hujus
570 1022 694 1083 causa,
710 992 838 1070 locum
849 993 967 1081 hunc,
979 993 1188 1069 visitatione
1205 992 1342 1080 soluta,
1361 992 1515 1078 vitante,
1538 987 1710 1092 compul-

301 1149 363 1197 sus
379 1139 436 1199 est
453 1122 681 1199 monasterio
699 1122 798 1198 exire
808 1181 823 1209 ,.
836 1139 875 1197 et
891 1122 931 1196 in
947 1123 1030 1198 loco
1047 1124 1158 1226 supra
1165 1122 1245 1227 jam
1260 1150 1281 1197 a
1294 1150 1356 1197 me
1375 1136 1599 1209 memorata,
1613 1121 1712 1196 Vua-

242 1338 255 1355 ,
302 1251 530 1328 chunvillare
549 1253 711 1341 dictum,
723 1251 917 1327 secedere.
942 1250 1038 1327 Ante
1054 1267 1203 1343 autem,
1224 1251 1391 1358 regimen
1411 1250 1622 1333 animarum
1642 1247 1713 1323 sibi

303 1382 602 1472 commissarum,
625 1383 705 1487 ipso
722 1381 859 1458 comite
875 1379 1051 1487 jubente,
1074 1380 1325 1486 fratribusque
1349 1379 1388 1456 in
1408 1408 1546 1468 unum,
1573 1378 1622 1455 ob
1643 1379 1714 1454 hoc

303 1510 446 1614 ipsum,
467 1511 651 1602 collectis,
681 1537 767 1586 cum
794 1538 925 1586 eorum
952 1509 1161 1601 voluntate,
1189 1509 1419 1614 Adalolpho,
1442 1509 1614 1614 superius
1636 1510 1714 1614 jam

304 1641 513 1735 nominato,
532 1659 570 1717 et
585 1640 754 1746 ejusdem
770 1639 986 1716 monasterii
1000 1639 1204 1728 monacho,
1221 1640 1408 1716 commisit
1419 1639 1498 1727 die,
1515 1639 1715 1744 sollempni

304 1771 555 1847 sacratissimae
573 1799 690 1860 cenae,
714 1798 813 1846 anno
833 1773 1017 1846 nccccuru.
1040 1769 1238 1847 nativitatis
1258 1769 1471 1858 dominicae,
1489 1799 1573 1875 quae
1597 1770 1717 1845 conti·
1743 1850 1754 1875 ι
1859 1795 1880 1828 ¹·

304 1918 408 2007 gerat
427 1917 519 1976 tunc
539 1927 576 1976 11.
606 1898 763 1976 iduuml
782 1899 924 2005 aprilis,
944 1898 1006 1975 die
1026 1926 1087 1977 vu.
1111 1900 1197 1974 idus
1220 1898 1439 1975 earumdem
1460 1916 1614 1975 ventura
1636 1928 1718 2005 pas·

305 2029 374 2107 cali
404 2028 693 2134 sollempnitate.
717 2030 814 2107 Ante
843 2030 938 2118 haec,
969 2029 1072 2134 quod
1100 2058 1210 2133 supra
1240 2029 1422 2104 memoria
1445 2028 1596 2121 excidit,
1615 2031 1718 2108 Wie-

306 2158 444 2251 lridus,
464 2163 671 2236 Taruennae
695 2160 849 2237 civitatis
874 2160 1019 2264 presul,
1046 2187 1066 2234 a
1091 2159 1219 2236 seculo
1244 2158 1418 2247 decessit,
1441 2187 1539 2233 anno
1563 2159 1718 2235 Domini

307 2304 553 2381 ncccctvrun,
580 2317 668 2367 xnn.
696 2289 873 2367 kalendas
892 2289 1125 2396 septembris.
1146 2277 1281 2377 David,
1307 2287 1467 2365 Corbeie
1492 2289 1715 2379 monachus,

216 2502 225 2521 ο
307 2423 346 2498 in
378 2421 590 2528 episcopatu
618 2423 805 2501 successit.
831 2420 1067 2526 Adalolphus
1095 2438 1221 2497 autem
1237 2398 1545 2498 satissollicitus
1567 2439 1645 2496 erat
1661 2421 1719 2496 de

308 2552 503 2630 commissa
531 2551 602 2628 sibi
624 2553 927 2659 congregatione,
950 2578 1027 2627 non
1046 2569 1174 2627 tamen
1200 2549 1346 2626 abbatis
1366 2567 1600 2627 consecratus
1625 2550 1721 2626 ordi-

309 2683 478 2773 natione;
499 2682 691 2788 ingeniose
712 2681 898 2786 siquidem
918 2679 1055 2756 comite
1077 2678 1285 2769 factitante,
1304 2679 1409 2785 quod
1425 2696 1510 2784 post
1529 2679 1663 2755 claruit
1680 2680 1720 2756 in
1794 2717 1795 2720 ¹

198 2875 202 2885 .
309 2811 553 2918 subsequenti
583 2838 715 2914 opere,
742 2827 785 2885 ut
815 2810 944 2914 nepoti
974 2836 1043 2884 suo
1070 2808 1567 2917 Hildebrando'supradicto
1593 2800 1720 2886 locum

310 2943 411 3019 hunc
427 2940 571 3017 lucilius
585 2939 717 3016 iterato
733 2955 859 3043 posset
872 2937 1095 3014 condonare.
1114 2939 1201 3031 Quo
1219 2940 1444 3045 intempore
1460 2966 1585 3016 comes
1600 2940 1721 3016 isdem

311 3070 475 3148 eundern
501 3071 685 3146 domnum
706 3066 957 3173 Adalolphum
985 3096 1071 3144 cum
1102 3068 1241 3146 exeniis
1261 3070 1309 3146 ad
1335 3096 1461 3175 regem
1486 3088 1588 3146 trans
1619 3099 1721 3147 mare

310 3199 683 3306 direxit’Anglorum.
706 3198 793 3290 Quo
813 3197 892 3302 jam
911 3215 1133 3274 transmare
1153 3197 1298 3290 delato,
1320 3193 1624 3306 Odoldus'supra
1643 3229 1723 3276 me-

310 3346 491 3418 moratus,
506 3345 633 3405 noster
648 3329 826 3417 decanus,
849 3325 896 3403 de
909 3326 1079 3432 partibus
1099 3327 1189 3403 citra
1204 3328 1379 3404 Rhenum
1393 3329 1539 3433 positis,
1561 3330 1626 3405 ubi
1642 3331 1723 3407 via-

311 3458 476 3535 demiare
499 3457 622 3533 suerat
641 3457 792 3547 missus,
820 3485 907 3533 cum
931 3455 1017 3532 vina
1034 3482 1097 3533 vm
1125 3484 1296 3533 vasorum
1316 3473 1374 3533 est
1397 3486 1575 3534 reversus.
1604 3457 1723 3536 Adve-
1841 3494 1847 3509 ·

311 3603 418 3663 uerat
436 3604 562 3662 autem
585 3587 658 3662 hoc
678 3587 718 3662 in
743 3602 914 3692 tempore
940 3613 1066 3662 comes
1086 3600 1131 3662 et‘
1147 3584 1260 3662 abbas
1284 3582 1464 3664 Arnullus
1486 3588 1526 3663 in
1551 3590 1623 3664 hoc
1642 3589 1722 3695 ipso

312 3716 437 3794 Sithiu
452 3716 696 3807 monasterio,
713 3732 752 3792 et
762 3715 864 3793 filius
880 3715 961 3821 ejus
975 3714 1198 3807 Balduinus,
1208 3717 1416 3824 juventutis
1430 3719 1523 3794 flore
1540 3719 1724 3796 honestis·

313 3847 446 3935 simus,
467 3873 555 3920 cum
575 3846 733 3950 conjuge
749 3845 967 3950 nuperrime
978 3846 1215 3951 desponsata,
1230 3847 1383 3960 nomine
1399 3847 1597 3937 Mathilda,
1612 3849 1725 3925 Saxo—

314 3973 388 4048 nici
407 3973 569 4079 generis,
588 3972 711 4077 equali
731 3970 927 4049 nobilitate
943 3976 1153 4078 conspicua.
1176 3977 1283 4068 Quae,
1306 3977 1483 4081 inprime
1502 3979 1583 4084 ejus
1596 3979 1636 4054 in
1651 3980 1725 4056 hoc

314 4101 541 4178 monasterio
566 4101 752 4207 ingressu,
774 4100 956 4176 cortinam
981 4102 1169 4208 quandam
1190 4105 1314 4181 invisae
1334 4107 1621 4212 magnitudinis,
1642 4137 1725 4214 pre·

315 4230 489 4337 cipuique
510 4230 647 4336 operis,
670 4229 760 4306 huic
782 4230 865 4307 loco
886 4232 1084 4320 concessit,
1107 4234 1294 4311 variorum
1316 4235 1486 4313 colorum
1507 4239 1724 4317 adornatam

313 4359 451 4437 tabulis
466 4358 551 4467 [qua
565 4387 685 4466 usque
701 4359 821 4436 utitur
841 4354 993 4438 ecclesia
1008 4363 1077 4440 ista
1097 4393 1164 4469 pro
1183 4364 1266 4442 velo
1285 4365 1621 4476 quadragesimali].
1638 4371 1725 4448 Mit-

314 4506 398 4566 tens
416 4507 543 4568 autem
561 4517 687 4567 comes
701 4488 897 4581 Arnullns,
914 4482 1089 4597 precepit
1103 4493 1230 4571 vinum
1247 4516 1624 4601 supramemoratum
1646 4530 1727 4583 sus·
1767 4560 1770 4566 -

317 4618 388 4724 cipi
404 4636 443 4702 et
456 4621 533 4697 suis
547 4620 677 4699 usibus
691 4620 880 4711 reservari.
897 4618 1013 4700 Dedit
1027 4625 1170 4708 veroin
1185 4629 1532 4734 recompensatione
1551 4629 1727 4707 fiatribus

359 4784 366 4813 ¹
389 4785 458 4866 leg
476 4806 499 4845 u
510 4806 619 4847 norman

1495 4917 1534 4956 20
