4478 5842
320 484 369 557 0⁰
672 476 1077 552 CHARTULARIUM
1105 474 1383 548 SITHIENSE.

321 648 507 698 annorum
537 617 736 695 dominicae
764 617 982 709 nativitatis,
1014 616 1119 726 quod
1141 634 1199 693 est
1220 641 1312 694 neec
1330 640 1429 691 rtur.
1460 611 1669 691 indictione
1689 641 1738 694 vt.

321 751 435 828 sancti
455 747 661 827 Audomari
680 775 815 853 corpus
835 748 883 824 de
903 748 990 826 villa
1010 746 1268 856 Liegesbordh
1287 742 1450 822 refertur
1467 742 1515 819 ad
1535 742 1663 821 locum
1683 744 1741 824 Si-

320 898 415 957 tum.
438 877 779 984 Sollempnitasque
806 876 910 955 illius
933 876 1191 954 translationis
1214 875 1252 951 in
1279 901 1409 952 mense
1429 872 1541 980 junio
1566 874 1741 952 devotea

321 1008 466 1116 populo
490 1006 702 1084 celebratur
720 1006 979 1098 Taruennico,
1002 1006 1069 1083 sed
1094 1004 1265 1113 plerique
1288 1003 1463 1113 ignorant
1486 1030 1507 1079 e
1526 1001 1741 1113 vulgaribus

321 1168 389 1244 pro
410 1167 483 1244 qua
503 1165 544 1213 re
564 1152 701 1213 statuta
727 1135 776 1211 sit
801 1135 841 1210 in
868 1134 1056 1243 primitus.
1078 1136 1243 1243 AEquum
1268 1146 1395 1210 autem
1421 1129 1582 1210 arbitror
1601 1161 1680 1213 esse
1700 1151 1740 1212 et

321 1266 485 1344 ecclesiae
499 1264 708 1371 provenire,
725 1263 756 1341 si
773 1292 900 1345 causas
913 1263 1016 1343 illius
1029 1262 1301 1373 solempnitatis
1315 1263 1355 1341 in
1369 1264 1444 1341 hoo
1458 1261 1598 1355 codice,
1612 1290 1740 1370 quam-
1840 1302 1843 1307 -

321 1397 375 1474 vis
399 1392 590 1501 impolito,
611 1393 778 1504 digeram
799 1422 992 1486 sermone,
1015 1395 1175 1472 maxime
1197 1422 1284 1471 cum
1303 1393 1465 1471 Tobiam
1488 1390 1644 1500 angelus
1662 1421 1741 1471 am·

322 1541 491 1612 moneat,
512 1523 640 1599 dicens
658 1555 667 1598 ι
687 1524 803 1628 Opera
818 1524 962 1601 Domini
975 1551 1120 1602 narrare
1135 1538 1172 1600 et
1186 1523 1341 1626 coafiten‘
1356 1523 1579 1626 loaorficnm
1595 1537 1656 1601 est.
1674 1520 1741 1601 Est

315 1638 423 1731 =enim
445 1654 484 1729 in
504 1654 577 1729 hoc
591 1651 700 1742 facto,
721 1653 752 1730 si
768 1651 951 1731 reseratur
969 1651 1073 1731 unde
1086 1651 1242 1729 Domini
1255 1650 1433 1729 laudetur
1449 1650 1739 1761 magnificentia,

321 1802 359 1861 et
378 1784 481 1861 unde
498 1782 617 1891 ipsius
635 1784 751 1860 sancti
771 1812 830 1863 am
859 1781 1024 1863 li-[ieetur
1040 1781 1258 1861 reverentia.
1271 1781 1478 1893 Aggrediar
1492 1808 1581 1892 ergo
1597 1780 1739 1874 dioere,

214 2009 216 2013 v
319 1942 396 1990 non
417 1940 499 2019 quae
518 1912 598 2018 ipse
622 1940 801 2017 presumo
825 1813 987 2020 lugere,
1012 1911 1080 1990 sed
1099 1940 1181 2019 quae
1201 1940 1223 1988 a
1242 1910 1455 1991 senioribus
1477 1910 1573 1989 mihi
1593 1927 1740 1990 constat

320 2043 537 2120 intimatum
555 2040 647 2119 lore.

970 2249 1089 2330 Vlll.

335 2398 356 2434 Ι
378 2437 496 2546 Igitur
514 2440 622 2545 Hugo
652 2437 765 2519 abbas
785 2435 864 2547 jam
885 2455 1134 2528 memoratus,
1156 2454 1307 2548 excepta
1332 2466 1442 2516 eausa
1461 2465 1573 2547 quam
1594 2436 1736 2531 refero,
1847 2423 1856 2439 ’

320 2567 374 2642 vir
399 2595 467 2672 per
491 2583 622 2643 cuncta
649 2566 864 2657 laudabilis,
892 2585 1090 2676 postquam
1115 2554 1366 2644 locum-hunc
1390 2595 1455 2644 sua
1474 2567 1739 2645 constitutione

319 2696 558 2775 laudabiliter
582 2696 776 2788 stabilivit,
798 2727 871 2807 qua
897 2716 934 2775 et
953 2696 1152 2776 canonicos
1176 2697 1292 2775 sancti
1321 2696 1740 2795 Andomarimonaobis

319 2827 434 2902 sancti
454 2826 615 2917 Bertini,
637 2828 750 2904 etiam
770 2856 838 2936 per
858 2827 1150 2935 descriptionem
1173 2827 1431 2936 capitularem,
1445 2827 1548 2937 juste
1567 2824 1741 2941 subjuga·

319 2956 385 3044 vit,
414 2955 719 3065 monachumque
754 2954 801 3035 ab
828 2955 983 3033 inferius
1012 2957 1282 3035 monasterium
1315 2958 1363 3035 ad
1390 2957 1506 3059 sancti
1532 2957 1738 3037 hadomari

320 3083 528 3163 custodiam
554 3082 759 3195 deputavit,
788 3084 973 3203 diabolica
1001 3088 1132 3199 sagitta
1154 3087 1358 3207 jaculatus,
1393 3088 1504 3197 coepit
1533 3088 1739 3201 excogitare

175 3312 183 3329 ἱ
319 3211 480 3319 qualiter
498 3213 614 3289 sancti
634 3212 838 3293 Audomari
859 3243 1009 3324 corpus,
1033 3217 1137 3325 cujus
1156 3245 1229 3324 ope
1249 3235 1288 3295 et
1303 3216 1553 3306 auxilio,·una
1572 3245 1659 3296 cum
1677 3245 1740 3296 so·

235 3389 249 3415 a
320 3340 395 3418 dali
420 3371 488 3420 suo
512 3344 683 3435 Bertino,
703 3345 963 3425 Taruennicus
981 3345 1214 3455 gubernatam
1232 3346 1411 3463 populus,
1430 3346 1668 3437 Vermandis,
1689 3347 1740 3427 ad

318 3473 433 3549 sancti
445 3472 621 3566 Quintini
631 3476 917 3567 monasterium,
933 3477 1111 3584 quoniam
1124 3477 1198 3557 hoc
1214 3479 1338 3583 ipsum
1351 3476 1595 3589 gubernabat,
1613 3492 1740 3585 posset

318 3601 473 3689 deferre¹
484 3604 716 3711 quantocius.
739 3606 911 3684 Metuens
929 3623 1056 3683 tamen
1074 3607 1348 3685 animositatem
1367 3605 1501 3717 plebis,
1519 3623 1739 3715 congregata

318 3733 656 3810 Vermandensium
674 3733 937 3837 multitudine,
957 3752 1115 3847 temptat
1127 3737 1160 3812 vi
1178 3736 1410 3827 abstrahere,
1432 3737 1464 3814 si
1480 3736 1604 3814 forsan
1617 3734 1738 3845 impe·

319 3863 464 3939 diretur
478 3891 498 3939 a
510 3860 636 3968 plebe.
653 3862 815 3943 Accessit
827 3865 989 3956 interim,
1006 3882 1044 3942 et
1054 3866 1241 3973 monacho
1255 3867 1434 3993 quodam,
1447 3867 1556 3944 Moro
1569 3863 1736 3956 nomine,
1819 3914 1822 3919 -

319 4009 464 4069 extante
494 3992 666 4097 custode,
696 4022 842 4073 sacrum
872 3996 1004 4073 sancti¹
1019 3996 1179 4102 presrdis
1209 4024 1252 4075 ac
1279 3994 1428 4105 patroni
1455 3995 1574 4072 nostri
1603 4022 1739 4103 corpus

316 4150 482 4215 sumens,
499 4122 625 4200 villam
644 4140 764 4231 usque
777 4125 1024 4232 liegesburth
1041 4126 1196 4204 nomine
1216 4157 1300 4204 cum
1325 4156 1391 4205 sua
1411 4124 1621 4233 deportavit
1638 4123 1739 4203 mul-

316 4253 490 4331 titudine.
517 4253 587 4330 Dei
614 4270 739 4329 autem
766 4254 999 4360 providentia
1025 4274 1221 4362 operante,
1249 4257 1377 4334 triduo
1403 4258 1447 4333 in
1478 4253 1619 4361 prelata
1648 4252 1738 4332 villa

317 4400 535 4458 manserunt
552 4411 639 4457 cum
657 4400 797 4460 sacrato
815 4411 983 4490 corpore.
1000 4384 1195 4464 Acciderat
1214 4386 1371 4485 interea,
1388 4404 1432 4464 ut
1447 4384 1644 4493 praeclarus
1663 4384 1737 4471 Tl-

315 4537 467 4588 ruennae
488 4511 641 4588 civitatis
661 4511 787 4619 presul
807 4514 1033 4622 Folquinus,
1056 4514 1256 4625 episcopali
1276 4502 1400 4608 more,
1422 4513 1638 4625 parrochias
1656 4512 1738 4620 epi·

315 4641 432 4747 scopii
452 4640 509 4717 sui
536 4640 724 4734 circuiret,
752 4662 812 4736 ut,
840 4645 958 4742 sicubi
988 4663 1117 4726 contra
1142 4664 1357 4725 sanctorum
1383 4673 1572 4725 canonum
1603 4658 1737 4724 statuta

316 4789 498 4881 ageretur,
515 4771 683 4850 oculosus
696 4790 823 4879 pastor
838 4774 1060 4865 addisceret,
1078 4796 1116 4856 et
1127 4776 1194 4854 tali
1209 4777 1336 4856 studio
1351 4770 1486 4855 cellam
1499 4771 1736 4883 usqueWo-
