4478 5842
347 470 417 542 120
696 475 1107 550 CHARTULARIUM
1133 475 1413 551 SITHIENSE.

250 712 254 719 1
340 639 407 690 seu
419 611 576 719 reliquis
588 616 890 719 possessionibus
903 617 1102 694 memorati
1116 616 1349 708 monasterii,
1368 645 1460 722 quas
1473 616 1659 694 moderno
1673 634 1769 695 tem·

340 772 430 849 pore
450 744 553 852 juste
581 764 619 825 et
644 747 814 857 legaliter
833 749 1016 853 possidet,
1040 748 1099 825 vel
1120 776 1213 854 quae
1228 747 1406 852 deinceps
1431 749 1470 823 in
1491 747 1556 855 jus
1581 777 1623 825 ac
1647 749 1770 826 domi-

340 877 491 956 natione
520 877 637 986 ipsius
665 879 781 955 sancti
812 878 885 954 loci
910 879 1071 957 voluerit
1092 879 1211 986 pietas
1237 877 1362 954 divina
1391 906 1544 983 augere,
1570 880 1618 956 ad
1643 908 1768 957 causas

335 1006 536 1112 judiciario
552 1039 658 1088 more
673 1009 897 1099 audiendas,
913 1009 973 1087 vel
985 1011 1093 1087 freda
1106 1028 1171 1087 aut
1185 1009 1332 1085 bannos
1350 1008 1571 1121 exigendos,
1590 1028 1653 1088 aut
1666 1039 1767 1086 man·

340 1137 465 1216 siones
485 1142 543 1218 vel
558 1159 702 1247 paratas
720 1139 924 1231 faciendas,
946 1157 1011 1217 aut
1026 1139 1204 1217 foderum
1223 1117 1470 1247 exigdndum,
1489 1157 1551 1217 aut
1567 1136 1766 1248 fidejusso-

338 1296 397 1344 res
416 1271 625 1362 tollendos,
651 1288 715 1348 aut
729 1272 904 1348 homines
919 1270 1037 1376 ipsius
1056 1270 1275 1349 monasterii
1291 1287 1369 1345 tam
1385 1252 1570 1379 ingenuos
1588 1298 1703 1376 quam
1721 1287 1766 1347 et

338 1428 462 1478 servos
482 1402 779 1511 distringendos,
801 1431 871 1477 nee
894 1401 991 1477 ullas
1013 1401 1263 1477 redibitiones
1288 1418 1352 1477 aut
1374 1398 1525 1479 illicitas
1541 1402 1766 1505 pensiones

338 1533 599 1635 requirendas,
616 1533 697 1608 ullo
715 1561 898 1636 umquam
918 1549 1090 1636 tempore
1109 1531 1257 1638 ingredi
1279 1533 1435 1622 audeat,
1456 1532 1516 1609 vel
1539 1554 1583 1611 aa
1596 1560 1683 1638 quae
1703 1560 1777 1609 aun

338 1690 404 1764 pra
419 1679 626 1739 memorata
644 1677 734 1739 sunt
750 1661 903 1767 penitus
918 1679 1083 1737 exactare
1104 1678 1319 1766 praesumat3
1342 1660 1410 1736 sed
1428 1660 1538 1737 liceat
1553 1676 1764 1739 memorato

338 1789 460 1867 abbati
481 1792 634 1898 suisque
655 1791 945 1882 successoribus,
974 1822 1033 1870 res
1057 1791 1216 1896 predicti
1238 1790 1473 1881 monasterii,
1496 1790 1573 1880 vel,
1600 1791 1697 1878 sicut
1724 1791 1764 1867 in

336 1938 521 2027 praecepto
533 1922 638 2026 quod
648 1921 832 1999 avunculo
845 1940 975 1998 nostro
987 1921 1139 2029 Hugoni
1151 1921 1418 2007 concessimus,
1430 1920 1658 2010 continetur,
1675 1948 1763 1999 cum

337 2052 515 2129 omnibus
527 2050 642 2127 lredis
655 2065 719 2126 aut
733 2049 869 2127 bannis
884 2050 956 2128 sibi
972 2051 1173 2142 concessis,
1191 2049 1263 2126 sub
1278 2048 1528 2127 immunitatis
1544 2067 1683 2127 nostrae
1698 2051 1764 2128 de·
1810 2096 1814 2105 ·

337 2183 524 2291 lensione,
546 2182 675 2288 quieto
689 2180 823 2259 ordine
839 2181 1045 2287 possidere.
1062 2172 1271 2257 Mercatum
1285 2206 1439 2287 quoque
1453 2179 1558 2256 omni
1571 2197 1760 2285 tempore,

338 2312 377 2387 in
388 2311 450 2389 die
466 2313 639 2404 Veneris,
655 2312 926 2419 praenominato
940 2328 1067 2388 sancto
1081 2312 1168 2388 loco'
1180 2308 1453 2400 concessimum
1467 2294 1512 2387 ut
1526 2310 1763 2417 quicquidex

337 2445 418 2551 ipso
438 2463 602 2523 mercato
618 2446 693 2523 sive
711 2445 879 2522 districto
898 2462 1009 2551 atque
1022 2445 1148 2521 banno
1162 2443 1309 2549 adquiri
1331 2458 1476 2548 potest,
1494 2443 1542 2521 ad
1562 2441 1761 2523 luminaria

336 2574 506 2680 ipsorum
524 2593 740 2653 sanctorum
758 2573 966 2650 Audomari
986 2592 1097 2680 atque
1116 2572 1260 2651 Bertini
1283 2574 1489 2678 perveniat,
1514 2590 1567 2667 et,
1587 2575 1706 2651 semel
1721 2576 1761 2653 in

336 2731 453 2789 anno,
478 2723 602 2782 custos
624 2703 787 2780 ecclesiae
802 2701 979 2781 fratribus
997 2703 1114 2808 ipsius
1132 2705 1247 2780 sancti
1271 2703 1345 2780 loci
1365 2698 1607 2781 resectionem
1627 2704 1760 2783 exinde

335 2836 493 2928 tribuat3
515 2853 700 2941 quatenus
717 2835 817 2939 ipsos
832 2862 957 2947 servos
972 2833 1063 2924 Dei,
1081 2834 1148 2939 qui
1163 2834 1309 2911 ibidem
1331 2835 1414 2910 Deo
1432 2833 1675 2924 famulantur,
1691 2864 1760 2942 pro

337 2965 445 3041 nobis
466 2995 507 3041 ac
526 2967 655 3072 regina
670 2981 708 3040 et
723 2963 830 3068 prole
845 2981 988 3056 nostra,
1009 2962 1070 3040 vel
1086 2964 1200 3039 etiam
1216 2993 1286 3069 pro
1307 2962 1507 3041 stabilitate
1522 2964 1639 3042 totius
1655 2967 1760 3072 regni

335 3096 452 3171 nostri
470 3124 490 3170 a
505 3095 586 3171 Deo
606 3093 716 3170 nobis
729 3094 895 3171 concessi
915 3112 1026 3200 atque
1040 3093 1301 3184 conservandi,
1316 3094 1461 3202 jugiter
1478 3094 1633 3173 Domini
1648 3096 1761 3173 mise-

335 3224 537 3301 ricordiam
561 3252 713 3302 exorare
735 3223 908 3301 delectet.
937 3226 984 3300 Et
1008 3241 1051 3300 ut
1076 3223 1154 3298 haec
1175 3223 1375 3300 auctoritas
1394 3223 1531 3300 nostris
1549 3223 1760 3333 futurisque
1872 3268 1880 3285 ι

334 3357 589 3461 temporibus,
614 3354 779 3433 Domino
799 3371 1040 3461 protegente,
1067 3340 1186 3430 valeat
1205 3353 1422 3430 inconvulsa
1445 3382 1613 3446 manere,
1643 3384 1760 3447 manu

334 3476 483 3591 propria
496 3487 626 3565 subter
639 3515 722 3563 eam
737 3485 984 3576 firmavimus,
1004 3485 1183 3591 anulique
1193 3486 1311 3563 nostri
1321 3485 1567 3590 impressione
1583 3466 1757 3595 assigriari

330 3645 521 3722 jussimus.

392 3823 578 3931 «Signum
599 3822 737 3900 Kanou
757 3818 1018 3937 gloriosissimi
1041 3820 1150 3930 regis.

302 4025 305 4032 '
391 4007 574 4102 «Garun,
591 4009 776 4100 notarius,
791 4009 840 4086 ad
847 4009 966 4087 vicem
976 4007 1152 4096 Goiaeni,
1169 4005 1383 4113 recognovit

335 4156 372 4214 et
395 4138 625 4246 subscripsit.

388 4398 508 4474 «Data
527 4427 562 4476 u.
586 4400 672 4477 idus
691 4399 887 4493 februarii,
905 4399 1112 4479 indictione
1125 4425 1171 4477 vr.
1186 4405 1210 4489 ¹,
1223 4424 1321 4474 anno
1342 4424 1475 4476 namu.
1497 4394 1603 4505 regni
1619 4392 1756 4484 nostri,

333 4545 371 4607 et
390 4528 430 4604 in
445 4531 677 4608 successione
696 4531 854 4609 Hlotarii
873 4531 971 4641 regis
989 4556 1089 4607 anno
1104 4557 1168 4606 uu.
1252 4576 1256 4583 ·

390 4661 551 4739 «Actum
571 4664 955 4756 Sancto-Quinum.»
1063 4749 1067 4757 ‚

377 4825 384 4854 ¹
404 4827 479 4886 Fert.
492 4828 608 4910 legend.
622 4826 713 4888 indict.
724 4845 783 4897 vn,
798 4848 864 4911 quat
876 4828 1011 4891 convenit
1021 4848 1090 4888 cum
1102 4847 1126 4885 a.
1140 4826 1212 4906 874.
