4478 5842
572 499 701 573 PARS
727 498 974 573 SECUNDA.
992 538 1039 553 ·-
1055 496 1388 572 SIMONISrma
1416 501 1463 570 ΙΙ.
1655 493 1734 566 259

316 640 532 721 dictionem.
552 639 677 717 Officii
689 641 810 719 nostri
818 668 888 716 nos
902 640 1075 718 bortatur
1086 639 1288 716 auctoritas
1296 668 1365 745 pro
1378 637 1619 715 ecclesiarum
1635 646 1732 714 statu

314 769 493 845 sollicitos
509 797 604 859 esse,
618 785 656 845 et
664 798 793 845 earum
804 769 940 874 quieti,
954 769 1154 845 auxiliante
1171 769 1356 862 Domino,
1370 768 1580 874 providere.
1596 767 1734 860 Quam-

315 899 445 974 obrem
471 927 539 975 nos
565 899 811 1003 petitionibus
830 898 960 976 vestris
981 899 1199 997 annuimus,
1225 917 1264 975 et
1279 900 1612 976 commutationem
1636 898 1734 973 inter

313 1056 377 1103 vos
398 1045 434 1103 et
452 1028 699 1116 balduinum,
719 1029 1007 1106 Flandrensium
1024 1030 1218 1120 comitem,
1234 1029 1382 1120 factam,
1401 1031 1487 1135 quia
1504 1028 1638 1105 utilem
1655 1053 1734 1102 mo·

315 1158 475 1234 nasterio
490 1158 696 1250 credimus,
709 1159 836 1264 scripti
851 1159 1033 1264 presentis
1046 1160 1247 1236 assertione
1263 1159 1553 1235 firmamus.'Pro
1566 1172 1737 1233 commu·

314 1271 455 1364 tatione
474 1286 661 1393 siquidem
678 1286 763 1364 ville
783 1287 969 1365 Ostresele
991 1286 1106 1381 dicte,
1132 1317 1205 1394 que
1221 1289 1316 1397 juris
1332 1288 1447 1365 sancti
1459 1285 1602 1364 Bertini
1621 1284 1733 1360 fuisse

315 1417 533 1507 dinoscitur,
550 1418 776 1496 monasterio
792 1436 913 1494 vestro
925 1418 1025 1523 apud
1035 1422 1176 1495 Furnos
1188 1420 1377 1523 quandam
1387 1437 1542 1506 terram,
1561 1414 1735 1492 videlicet

314 1545 567 1650 berrprariam,
583 1547 621 1623 iu
633 1548 828 1653 parrochia
842 1546 1037 1652 Wle'pem,
1053 1548 1155 1623 unde
1171 1546 1424 1623 Eremboldus
1434 1542 1588 1636 Musoll,
1602 1560 1734 1650 utpote

314 1675 553 1780 berquarius,
565 1675 656 1754 'ante
678 1678 718 1754 id
736 1677 919 1784 temporis
939 1706 1094 1756 censum
1113 1677 1238 1767 solvit3
1265 1706 1339 1784 que
1360 1676 1534 1782 videlicet
1554 1676 1664 1752 certis
1680 1674 1736 1751 di-

315 1806 591 1897 mensionibus,
606 1836 676 1912 pro
688 1836 792 1886 more
804 1809 923 1914 patrie
934 1808 1047 1896 illins,
1060 1823 1286 1896 mensurata,
1306 1792 1542 1914 vigentiocto
1554 1804 1736 1883 librarum

315 1934 522 2026 redditum,
544 1931 700 2043 singulis
718 1939 840 2025 annis,
858 1937 1044 2042 persolvit.
1063 1940 1166 2013 Hanc
1181 1938 1295 2045 igitur
1309 1935 1547 2043 berquariam
1564 1964 1648 2013 cum
1672 1964 1753 2013 eo-

317 2066 403 2140 dem
419 2065 570 2142 redditu
589 2065 634 2141 ab
646 2068 751 2144 omni
767 2068 1119 2173 exactioneprorsus
1133 2067 1343 2143 immunem
1357 2095 1398 2141 ac
1411 2064 1586 2157 liberam,
1604 2095 1739 2173 quem·

316 2194 523 2272 admodum
543 2195 646 2273 idem
667 2224 793 2276 comes
810 2196 994 2303 possedit,
1018 2191 1057 2274 et
1077 2194 1305 2276 monasterio
1324 2213 1465 2284 vestro,
1490 2197 1529 2273 in
1549 2199 1735 2303 presentia

317 2325 540 2429 optimatum
575 2340 749 2415 suorum,
770 2328 856 2434 jure
889 2325 1118 2404 hereditario
1147 2328 1319 2418 tradidit,
1344 2354 1415 2404 nos
1443 2328 1480 2403 in
1511 2344 1735 2433 perpetuum
1797 2423 1807 2443 ·

318 2481 468 2531 manere
489 2456 739 2534 decemimus.
764 2458 867 2536 Duas
882 2459 995 2535 etiarn
1016 2457 1147 2565 garbas
1167 2457 1312 2534 decime
1333 2456 1380 2534 de
1396 2485 1490 2534 nova
1504 2475 1603 2533 terra
1621 2456 1738 2563 Dipe-

317 2585 394 2662 sele
406 2586 519 2679 dicta,
538 2604 575 2664 et
588 2588 679 2667 duas
691 2587 822 2696 garbas
838 2589 885 2665 de
899 2616 992 2667 nova
1007 2605 1105 2666 terra
1120 2590 1407 2664 Hucmareserce
1423 2587 1534 2675 dicta,
1551 2603 1589 2662 et
1597 2590 1736 2663 terram

317 2717 506 2821 quandam
530 2717 568 2792 in
594 2717 682 2793 villa
701 2717 828 2794 Atrike
851 2718 967 2807 dicta,
996 2719 1091 2796 sicut
1116 2718 1162 2795 ab
1187 2717 1321 2794 eodem
1346 2715 1484 2793 comite
1509 2712 1737 2795 monasterio

318 2863 438 2922 vestro
453 2846 585 2923 collate
606 2864 708 2940 sunt,
726 2848 871 2953 quietas
883 2847 989 2925 vobis
1005 2864 1042 2924 et
1056 2848 1218 2957 integras
1234 2874 1385 2923 manere
1405 2846 1602 2924 sancimus.
1620 2849 1741 2926 Porro

318 2975 445 3053 altaria
465 2976 558 3068 duo,
580 3005 701 3054 unum
723 2979 769 3055 de
790 2978 979 3090 Eggafridi
1000 2977 1156 3084 capella,
1180 2994 1218 3053 et
1236 2974 1395 3053 altemm
1413 2976 1459 3054 de
1474 2976 1736 3069 Wamestum,

318 3134 392 3211 que
419 3106 578 3185 dilectus
600 3124 636 3184 et
654 3108 877 3187 venerabilis
898 3108 1084 3188 confrater
1109 3124 1237 3186 noster
1261 3107 1467 3194 lohannes,
1488 3109 1740 3187 Taruanensis

319 3236 531 3343 episcopus,
552 3239 591 3316 in
615 3241 891 3344 possessionem
910 3257 1132 3348 perpetuam
1156 3239 1267 3315 beato
1293 3236 1446 3315 Bertino
1469 3238 1640 3328 tradidit,
1670 3242 1739 3318 nos'

319 3392 470 3472 quoque
490 3366 596 3445 vobis
616 3368 655 3444 in
679 3371 955 3476 possessionem
979 3387 1199 3477 perpetuam
1221 3369 1505 3456 confirmamus,
1534 3367 1633 3444 salvo
1659 3368 1739 3474 ejus

318 3497 492 3574 videlicet
506 3498 671 3606 episcopi
695 3530 810 3580 censu
831 3530 975 3592 annuo,
1005 3501 1071 3608 qui
1092 3529 1136 3575 ex
1155 3498 1297 3575 eisdem
1318 3496 1497 3573 altaribus
1521 3513 1576 3573 est
1597 3496 1741 3605 persol-

318 3626 473 3705 vendus.
497 3629 646 3706 Nemini
668 3659 757 3739 ergo
776 3633 1026 3738 inposterum
1047 3630 1159 3706 liceat
1175 3629 1245 3705 bec
1270 3656 1344 3734 que
1368 3626 1541 3732 superius
1564 3645 1738 3706 annotata

319 3775 445 3834 sunta
465 3761 577 3835 vestri
598 3759 747 3836 cenobii
763 3762 905 3840 unitate
922 3791 964 3838 ac
983 3761 1217 3871 possessione
1242 3758 1424 3847 dividere,
1440 3758 1524 3846 sed,
1549 3758 1645 3836 sicut
1656 3787 1741 3865 pre·

320 3887 563 3975 missumst,
580 3890 708 3994 quieta
724 3908 761 3967 et
775 3891 919 3998 integra
931 3892 1057 3968 omnia
1073 3892 1112 3966 in
1129 3892 1209 3998 ejus
1216 3891 1301 4000 jure
1316 3918 1357 3966 ac
1373 3890 1516 3966 ditione
1532 3906 1735 3967 serventur.

320 4015 359 4092 si
384 4014 468 4121 quis
489 4017 619 4128 igitur,
650 4017 791 4095 decreti
815 4020 930 4127 hujus
948 4038 1079 4097 tenore
1108 4021 1274 4129 cognito,
1301 4036 1461 4107 temere,
1493 4020 1596 4123 quod
1623 4018 1735 4110 absit,

319 4146 501 4225 contraire
516 4150 770 4255 temptaverit,
792 4151 948 4229 honoris
964 4166 1001 4227 et
1016 4148 1129 4228 officii
1140 4151 1199 4228 sui
1211 4149 1420 4256 periculum
1437 4149 1607 4254 patiatur,
1625 4164 1735 4257 atque

320 4280 715 4359 excommunicationis
725 4281 870 4361 ultione
882 4280 1076 4388 plectatur,
1094 4281 1164 4359 nisi
1174 4279 1495 4388 presumptionem
1506 4306 1610 4356 suam
1626 4279 1737 4389 digna

319 4406 566 4488 satisfactione
587 4414 799 4491 correxerit.
1345 4399 1347 4403 ‚

376 4537 542 4618 «Datum
553 4544 741 4632 Laterani,
759 4561 886 4622 octavo
905 4541 977 4620 kal.
995 4542 1218 4650 aprilis,per
1229 4569 1383 4618 manum
1400 4539 1598 4630 lobannis,
1611 4559 1738 4622 sancte
1815 4634 1821 4645 Ι

320 4666 488 4747 Romane
514 4673 669 4751 ecclesie
695 4675 842 4752 diaconi
867 4674 1064 4751 cardinalis
1089 4702 1130 4749 ac
1152 4672 1447 4764 bibliothecarii,
1472 4672 1737 4753 incarnationis

322 4795 512 4878 dominice
532 4830 630 4881 anno
646 4793 852 4882 millesimo
869 4804 1073 4882 centesimo
1091 4803 1224 4910 quinto
1245 4804 1410 4893 decimo,
1432 4801 1639 4879 indictione
1655 4830 1738 4908 sep-

1476 4926 1525 4988 33.
