4478 5842
574 500 696 572 PARS
728 496 971 573 SECUNDA.
988 540 1037 551 -
1055 494 1265 570 SIMONIS
1291 497 1382 569 LIB.
1416 500 1462 570 ΙΙ.
1649 494 1745 567 297'

307 668 399 747 quas
424 668 536 748 super
559 642 693 717 hacce
718 637 832 716 abbas
857 649 896 716 et
916 636 1092 716 monachi
1113 635 1214 742 apud
1234 664 1296 713 me
1319 635 1497 729 fecerant,
1523 635 1726 715 constituto

308 771 388 864 die,
414 790 613 880 utrosque,
641 769 782 849 scilicet
809 768 983 846 abbatem
1014 784 1052 845 et
1082 765 1346 861 castellanum,
1380 787 1465 846 ante
1496 798 1565 847 nos
1598 767 1726 844 adesse

302 902 496 1009 jussimus.
519 900 670 997 Quibus
694 902 733 976 in
758 884 946 1008 presentia
970 915 1094 977 nostra
1121 898 1350 989 constitutis,
1376 917 1626 1007 utrorumque
1650 927 1729 975 cau-

306 1061 363 1110 sas
387 1036 427 1110 in
451 1034 591 1143 juditio
616 1033 803 1109 baronum
828 1058 1001 1131 meorum
1030 1030 1152 1135 posui.
1182 1028 1259 1122 Qui
1285 1029 1410 1106 eidem
1436 1031 1626 1107 Teinardo
1653 1059 1729 1105 suc·

307 1165 593 1275 cessoribusque
631 1163 748 1269 ipsius
774 1160 1124 1268 forisjudicaverunt
1159 1158 1337 1265 quitquid
1370 1161 1563 1239 occasione
1600 1162 1729 1236 sculte-

308 1292 423 1369 dum¹
444 1295 484 1369 in
505 1293 572 1370 illo
594 1292 772 1369 comitatu
798 1286 979 1396 uburpare
999 1287 1267 1377 contendebat3
1291 1290 1364 1367 hoc
1384 1291 1500 1367 eciam
1516 1290 1729 1398 judicantes

306 1423 465 1526 predicti
486 1423 666 1509 barones,
687 1439 730 1498 ut
752 1421 798 1498 de
814 1419 1028 1526 hospitibus
1053 1448 1094 1495 ac
1112 1420 1421 1512 sumanentibus,
1449 1421 1550 1497 etde
1570 1420 1651 1527 ipso
1674 1449 1730 1497 co·
1833 1487 1837 1493 .

307 1553 465 1644 mitam,
486 1552 616 1630 nullus
640 1579 809 1659 unquam
829 1549 1042 1658 placitaret,
1064 1549 1136 1626 nisi
1152 1550 1200 1625 ad
1220 1551 1429 1627 virscariam
1444 1551 1588 1628 abbatis
1608 1564 1647 1628 et
1663 1580 1730 1658 per

307 1683 477 1762 scabinos
504 1685 603 1791 ejus,
629 1700 666 1759 ct
689 1681 845 1760 nomine
868 1694 979 1759 tenus
1002 1680 1049 1756 de
1069 1679 1265 1775 scultedis,
1290 1681 1330 1758 id
1352 1699 1408 1760 est
1430 1682 1477 1759 de
1494 1681 1660 1774 furibus,
1682 1683 1729 1759 de

306 1813 416 1893 firrtis
445 1830 483 1891 ct
509 1813 728 1904 latrociniis,
751 1838 791 1889 ac
818 1840 973 1918 prorsus
1002 1812 1049 1888 de
1076 1812 1180 1888 omni
1205 1809 1287 1919 lege
1313 1828 1351 1889 ct
1375 1811 1625 1905 forisfactura,
1653 1830 1731 1890 tam

307 1945 467 2021 maxima
482 1971 595 2050 quam
612 1941 753 2019 infima.
773 1942 853 2019 Hoc
862 1941 1046 2047 juditium
1061 1942 1272 2018 Teinardus
1288 1959 1325 2017 ct
1344 1940 1412 2018 lilii
1430 1943 1528 2050 ejus,
1549 1944 1732 2024 Henricus

309 2072 449 2150 scilicet
466 2071 772 2172 ctGislcbertus,
795 2070 1019 2161 audierunt,
1037 2085 1075 2147 et
1093 2069 1210 2146 nichil
1233 2072 1539 2150 contradictionis
1555 2074 1750 2152 adhibue·‘

308 2220 408 2280 runt.
432 2204 480 2280 Ut
499 2172 616 2309 igitur
636 2201 741 2308 quod
762 2202 809 2279 de
832 2201 1024 2308 sepedicto
1045 2201 1225 2278 comitatu
1245 2230 1265 2277 a
1287 2219 1424 2308 nepotc
1440 2230 1527 2278 meo
1542 2203 1729 2283 Balduino

309 2333 491 2410 donatum
512 2348 550 2409 et
565 2362 586 2408 a
604 2330 812 2409 baronibus
830 2331 925 2408 meis
937 2330 1168 2440 judicatum,
1192 2349 1303 2438 atque
1326 2360 1346 2408 a
1366 2358 1428 2408 me
1449 2350 1669 2409 renovatum
1692 2351 1730 2410 et

309 2463 572 2541 confirmatum
599 2479 675 2555 est,
707 2479 831 2540 ratum
860 2491 901 2539 ac
931 2459 1194 2540 inconvulsum
1223 2460 1361 2540 futuris
1385 2462 1623 2566 temporibus
1644 2492 1730 2571 per-

308 2611 477 2682 maneat,
500 2593 666 2700 presenti
691 2610 810 2688 carta,
841 2590 965 2700 sigillo
988 2620 1074 2669 meo
1095 2591 1265 2678 munita,
1285 2595 1359 2671 hoc
1383 2593 1508 2699 ipsum
1531 2593 1730 2701 astipulare

309 2725 448 2812 curavi,
471 2741 508 2803 et
527 2723 687 2801 idoneos
708 2739 823 2800 testes
843 2721 908 2828 qui
929 2721 1133 2799 interfuere
1152 2722 1347 2801 subnotari
1362 2721 1445 2801 leci.

476 2901 624 2984 «Signum
638 2901 764 2970 Carioni,
777 2901 901 2964 comitis.
916 2902 1043 2987 Signum
1058 2903 1194 2965 Roararr
1205 2903 1243 2965 dc
1258 2904 1392 2966 betunia.
1406 2903 1531 2987 Signum
1541 2908 1680 2969 Eusracu
1694 2909 1731 2969 de

516 3006 682 3066 Taruenna.
705 3003 830 3089 Signum
846 3005 1021 3072 Wrmnmrr,
1039 3004 1187 3068 castellani
1208 3004 1306 3068 Sancti
1320 3004 1490 3069 Andomari.
1516 3007 1641 3094 Signum
1662 3011 1730 3071 Tar-

391 3118 392 3122 ’
519 3126 623 3175 unani,
644 3106 795 3169 castellam
815 3106 853 3170 de
873 3105 1017 3190 meurg.
1041 3105 1166 3189 Signum
1184 3106 1376 3177 Grscrararr,
1396 3109 1547 3173 castellani
1564 3106 1604 3174 dc
1622 3110 1730 3194 Bergis.

519 3208 644 3292 Signum
663 3210 791 3272 Hasnrcr
809 3219 842 3273 et·
856 3207 1050 3297 Gtsuaanrr,
1063 3209 1194 3272 liliorum
1208 3206 1359 3282 Tirinardi,
1370 3211 1528 3275 castellani.

300 3424 319 3459 o
365 3390 528 3467 «Actum
556 3388 658 3494 apud
683 3387 829 3475 Asiam,
849 3376 951 3467 anno
981 3387 1172 3466 dominice
1202 3389 1466 3475 incarnationis
1493 3399 1653 3479 rrcxxvl’,
1676 3395 1732 3469 in-

309 3520 473 3600 dictione
492 3519 613 3598 tertia.
630 3557 642 3588 ι
1047 3532 1053 3544 “

952 3733 1066 3811 Clll.

647 3936 685 3976 ott
708 3933 936 3976 turnarwrtottn
959 3935 1076 3984 CAROLI,
1100 3935 1215 3979 contris
1237 3938 1388 3978 trusum.

365 4117 474 4192 Anno
494 4113 698 4191 millesimo
724 4123 757 4191 c⁰
776 4127 837 4191 xx⁰
861 4112 1022 4221 septimo
1047 4113 1162 4194 Verbi
1182 4113 1384 4204 incarnati,
1409 4134 1537 4195 octavo
1558 4147 1644 4196 vero
1672 4121 1730 4196 sui

307 4245 539 4351 principatus
564 4272 680 4334 anno,
697 4244 855 4322 Carolus
879 4243 981 4351 apud
1004 4244 1157 4354 Brugis,
1187 4245 1227 4322 in
1251 4246 1552 4356 quadragesima,
1579 4249 1729 4327 missam

309 4375 487 4466 audiens,
504 4374 600 4452 inira
615 4403 797 4453 canonem
818 4373 1054 4452 orationibus
1070 4374 1228 4467 instans,
1251 4405 1406 4455 manum
1424 4406 1511 4455 cum
1525 4378 1730 4458 elemosina

182 4600 188 4611 ἡ
308 4505 463 4614 pauperi
486 4504 697 4614 porrigens,
726 4532 842 4581 manu
866 4532 1060 4583 servorum
1084 4534 1259 4594 suorum,
1282 4535 1407 4585 coram
1433 4506 1557 4602 altari,
1579 4528 1732 4618 propter

233 4658 244 4681 ⁰
303 4634 517 4742 justiciam,
543 4633 739 4712 occiditur.
767 4633 886 4746 Cujus
908 4652 1073 4714 mortem
1100 4652 1344 4742 portentuosa
1364 4637 1469 4748 signa
1492 4657 1729 4747 procurrunt.

353 4799 360 4828 ¹
383 4799 439 4861 Sic.
456 4801 533 4862 Fert.
548 4799 604 4882 lag.
619 4797 739 4871 secludi.

1479 4903 1520 4966 38
