4388 5850
326 498 371 568 54
669 491 1082 567 CHARTULARIUM
1109 488 1392 562 SITHIENSE.

323 636 495 712 adessent
515 635 740 713 dedicationi
758 635 974 711 necessaria.
996 637 1229 738 Responsum
1246 648 1301 707 est
1319 631 1407 708 ilico
1435 658 1456 706 a
1476 631 1586 708 Berta
1609 650 1741 710 cuncta

323 768 462 843 adesse.
484 769 591 843 Tunc
607 766 671 842 ille
686 798 693 842 :
707 804 720 834 s
735 766 846 855 Affer,
864 766 1007 872 inquit,
1022 792 1197 873 ysopum,
1214 780 1258 839 ut
1274 779 1497 869 preparetur
1511 763 1598 841 usui
1613 780 1742 841 neces·

325 898 458 973 «sario.
475 934 487 962 a
504 898 550 971 Et
563 895 627 970 illa
641 896 784 1002 inquit:
801 897 1059 1002 «Hucusque,
1077 911 1193 1000 pater,
1207 894 1468 971 nesciebamus
1481 894 1511 970 si
1527 893 1574 970 de
1589 893 1657 972 illo
1673 880 1741 970 ali·

323 1065 335 1093 «
349 1055 424 1134 qua
434 1027 631 1103 necessitas
641 1027 730 1103 huic
744 1026 1013 1135 adjungeretur
1025 1027 1141 1132 operi.
1159 1027 1302 1117 »Tune
1314 1042 1409 1102 nutu
1421 1026 1559 1117 divino,
1572 1025 1737 1135 angelus,
1846 1120 1848 1125 y

323 1159 360 1231 in
385 1157 543 1233 modum
568 1157 734 1262 juvenis,
761 1155 897 1232 detulit
919 1184 1078 1261 ysopum
1100 1154 1323 1234 miraculose
1351 1156 1494 1233 meritis
1521 1156 1735 1233 astantium.

320 1289 348 1360 F
350 1305 428 1362 acta
449 1304 504 1364 est
518 1287 589 1363 hec
605 1285 790 1361 dedicatio
807 1286 959 1390 quando
974 1285 1062 1361 lecit
1080 1285 1220 1363 mensis
1231 1285 1442 1364 februarius
1455 1285 1535 1362 dies
1548 1285 1709 1390 novem]

968 1542 1088 1614 Xlll.

441 1726 476 1763 DE
500 1724 595 1764 stom
616 1721 793 1763 rumpentes
815 1721 849 1759 ET
872 1718 1055 1763 succusslorte
1077 1721 1216 1763 ctonovltt
1240 1723 1310 1763 rtet!
1334 1722 1414 1772 mua,
1438 1725 1473 1764 ΕΤ
1494 1725 1620 1767 ὓΕΤΕΒΙδ.

374 1865 588 1942 Decedente
614 1863 755 1939 interea
783 1861 945 1969 glorioso
971 1863 1200 1940 Francorum
1226 1891 1313 1970 rege
1341 1853 1589 1970 suprascripto
1612 1867 1739 1946 Theo-

319 1996 471 2084 derico,
506 2021 604 2068 anno
638 1991 903 2068 incarnationis
941 1991 1138 2068 dominicae
1174 2019 1381 2085 nutritam,
1411 1995 1477 2101 qui
1509 2012 1587 2071 erat
1617 2024 1737 2076 annus

317 2125 419 2230 regni
440 2125 576 2229 ipsiusl
592 2149 691 2216 xvu,
720 2122 822 2200 filius
843 2122 922 2227 ejus
949 2120 1162 2200 Clodoveus
1185 2153 1282 2231 puer
1300 2125 1340 2200 in
1364 2153 1481 2232 regno
1506 2127 1735 2205 Francorum

312 2254 473 2360 gloriose
505 2253 729 2333 sublevatur.
770 2253 843 2346 Qui
882 2251 983 2360 regia
1015 2253 1233 2332 auctoritate
1271 2254 1505 2363 privilegium
1540 2257 1734 2362 quoddam

315 2385 455 2464 domno
479 2385 631 2462 Bertino
651 2383 739 2460 lecit
760 2383 808 2458 de
829 2383 1056 2460 monasterio
1079 2414 1147 2463 suo
1168 2385 1310 2476 Sithiu,
1332 2385 1370 2459 in
1396 2412 1472 2491 quo
1489 2386 1672 2492 quicquid
1686 2389 1734 2465 ab

312 2515 607 2594 antecessoribus
632 2512 709 2590 suis
739 2511 916 2620 praedicto
948 2512 1031 2591 loco
1062 2513 1134 2591 fuit
1168 2542 1401 2602 concessum,
1431 2514 1509 2618 ipse
1537 2515 1732 2621 privilegio

311 2649 419 2754 regiae
435 2645 730 2725 confirmationis
749 2643 974 2731 adfirmarim
992 2644 1220 2723 interdicens
1247 2638 1402 2733 scilicet,
1431 2644 1510 2719 sine
1531 2644 1733 2749 judiciaria

311 2794 508 2876 potestate,
531 2776 655 2848 locum
673 2775 781 2850 illum
797 2803 865 2878 per
885 2776 1123 2851 succedentia
1135 2791 1306 2882 tempora
1319 2803 1492 2864 manere,
1514 2802 1583 2850 nec
1597 2773 1733 2880 aliquis

312 2903 485 3003 publicus
512 2916 668 2990 exactor,
698 2900 768 2974 sub
799 2901 924 3003 aliquo
953 2903 1195 2977 districtionis
1227 2907 1353 2995 freno,
1383 2906 1567 3010 ingenuos
1594 2932 1634 2980 ac
1663 2933 1734 2982 ser·
1853 2898 1857 2904 ¹

312 3029 452 3105 vientes
467 3029 551 3105 loco
572 3027 627 3102 illi
653 3026 875 3134 distringere
897 3047 1107 3132 presumat.
1134 3031 1250 3120 Quod
1271 3034 1384 3107 etiam
1397 3035 1635 3144 privilegium
1650 3034 1732 3111 istic

312 3159 512 3236 inscribere
528 3157 678 3264 placuit.
691 3158 826 3233 Actum
844 3167 1012 3231 est'anno
1029 3156 1075 3232 ab
1091 3157 1345 3234 incarnatione
1360 3160 1516 3236 Domini
1532 3189 1728 3255 ucnxxxtt„

312 3291 375 3396 qui
393 3307 470 3367 erat
487 3316 608 3365 annus
627 3315 650 3367 1.
673 3285 812 3393 praefati
834 3285 945 3390 regis,
966 3286 1040 3363 hoc
1057 3285 1183 3360 modo.

962 3541 1069 3614 xlv.

778 3707 968 3749 rnrrrcecruu
992 3707 1130 3748 cnoooinr
1154 3686 1261 3747 nec1s².

367 3878 608 3958 «Clodoveus
622 3898 686 3948 rex
699 3872 941 3946 Francorum.
960 3867 1000 3944 Si
1016 3866 1080 3943 illa
1099 3864 1298 3952 beneficia,
1317 3894 1399 3973 quae
1419 3882 1591 3971 parentes
1607 3873 1727 3947 nostri
1828 3922 1831 3927 -

309 4009 356 4084 ad
385 4009 465 4087 loca
496 4021 709 4085 sanctorum
736 3997 988 4108 prestiterunt
1013 3995 1072 4072 rel
1095 4007 1375 4088 concesserunt,
1403 4023 1470 4100 pro
1491 3998 1630 4075 nostris
1647 4028 1728 4079 ora·

308 4140 401 4218 culis
427 4130 708 4227 confirmamus,
738 4149 777 4209 et
799 4129 941 4240 regiam
969 4126 1285 4215 consuetudinem
1312 4153 1527 4204 exercemus
1552 4147 1589 4204 et
1615 4129 1725 4208 nohis

308 4274 354 4349 ad
370 4274 522 4349 laudem
542 4267 599 4346 vel
615 4262 854 4343 stabilitatem
873 4258 980 4367 regni
993 4257 1111 4335 nostri
1124 4257 1163 4333 in
1176 4256 1248 4334 Dei
1264 4256 1419 4333 nomine
1434 4258 1621 4361 pertinere
1636 4287 1725 4336 con-

307 4399 471 4478 fidimus.
494 4402 611 4511 Igitur
634 4393 856 4473 venerabilis
869 4391 925 4468 vir
938 4389 1128 4478 bertinus,
1156 4388 1250 4465 abba
1271 4387 1317 4463 de
1335 4390 1564 4467 monasterio
1576 4389 1722 4484 Sithiu,

305 4534 409 4638 quod
437 4548 491 4608 est
520 4530 557 4604 in
585 4554 680 4634 pago
707 4528 965 4609 Taruanense,
988 4519 1026 4594 in
1053 4519 1199 4596 honore
1226 4533 1358 4595 sanctae
1388 4519 1511 4596 Mariae
1535 4520 1724 4627 genitricis

348 4739 354 4765 ¹
379 4735 459 4795 Obiit
472 4731 670 4794 Theodericus
681 4728 720 4788 111
736 4751 761 4788 a.
776 4727 841 4788 Chr.
857 4727 928 4810 691,
944 4745 1022 4793 cum,
1037 4745 1070 4786 ex
1083 4724 1264 4806 supradictis,
1280 4724 1364 4802 regni
1375 4724 1421 4782 sui
1435 4745 1460 4783 a.
1475 4745 1547 4786 xrur
1563 4736 1668 4806 ageret.

345 4841 354 4869 ²
377 4838 462 4921 Vulg.
479 4832 616 4898 aldabill.
629 4833 673 4894 De
686 4854 714 4892 re
728 4829 833 4912 diplom.
850 4851 877 4911 p.
895 4827 965 4906 607.
