<?xml version="1.0" encoding="UTF-8"?>
<!DOCTYPE html PUBLIC "-//W3C//DTD XHTML 1.0 Transitional//EN"
    "http://www.w3.org/TR/xhtml1/DTD/xhtml1-transitional.dtd">
<html xmlns="http://www.w3.org/1999/xhtml" xml:lang="en" lang="en">
 <head>
  <title>
</title>
<meta http-equiv="Content-Type" content="text/html;charset=utf-8" />
  <meta name='ocr-system' content='tesseract 3.04.00' />
  <meta name='ocr-capabilities' content='ocr_page ocr_carea ocr_par ocr_line ocrx_word'/>
</head>
<body>
  <div class='ocr_page' id='page_1' title='image "./cartulairedelab00frangoog_0128.png"; bbox 0 0 4478 5842; ppageno 0'>
   <div class='ocr_carea' id='block_1_1' title="bbox 587 460 1722 550">
    <p class='ocr_par' dir='ltr' id='par_1_1' title="bbox 587 460 1722 550">
     <span class='ocr_line' id='line_1_1' title="bbox 587 460 1722 550; baseline 0.004 -20"><span class='ocrx_word' id='word_1_1' title='bbox 587 460 715 531; x_wconf 75' lang='lat' dir='ltr'><strong>Plus</strong></span> <span class='ocrx_word' id='word_1_2' title='bbox 752 460 928 531; x_wconf 79' lang='lat' dir='ltr'><strong>PRIMA.</strong></span> <span class='ocrx_word' id='word_1_3' title='bbox 945 499 997 516; x_wconf 88' lang='lat'><strong>-·</strong></span> <span class='ocrx_word' id='word_1_4' title='bbox 1012 460 1269 550; x_wconf 81' lang='lat' dir='ltr'>FOLQUINI</span> <span class='ocrx_word' id='word_1_5' title='bbox 1295 462 1391 534; x_wconf 75' lang='lat' dir='ltr'><strong>mn.</strong></span> <span class='ocrx_word' id='word_1_6' title='bbox 1419 464 1445 533; x_wconf 91' lang='lat' dir='ltr'><strong>I.</strong></span> <span class='ocrx_word' id='word_1_7' title='bbox 1677 463 1722 535; x_wconf 84' lang='lat'><strong>17</strong></span> 
     </span>
    </p>
   </div>
   <div class='ocr_carea' id='block_1_2' title="bbox 176 594 1725 1231">
    <p class='ocr_par' dir='ltr' id='par_1_2' title="bbox 176 594 1725 1231">
     <span class='ocr_line' id='line_1_2' title="bbox 304 594 1725 709; baseline 0.01 -42"><span class='ocrx_word' id='word_1_8' title='bbox 304 594 442 673; x_wconf 85' lang='lat' dir='ltr'><strong>adisset</strong></span> <span class='ocrx_word' id='word_1_9' title='bbox 455 595 553 691; x_wconf 89' lang='lat' dir='ltr'><strong>loca,</strong></span> <span class='ocrx_word' id='word_1_10' title='bbox 571 616 662 677; x_wconf 93' lang='lat' dir='ltr'><strong>tunc</strong></span> <span class='ocrx_word' id='word_1_11' title='bbox 681 598 879 706; x_wconf 84' lang='lat' dir='ltr'><strong>temporis,</strong></span> <span class='ocrx_word' id='word_1_12' title='bbox 896 599 945 678; x_wconf 91' lang='lat' dir='ltr'><strong>ob</strong></span> <span class='ocrx_word' id='word_1_13' title='bbox 957 599 1114 677; x_wconf 86' lang='lat' dir='ltr'>nimiam</span> <span class='ocrx_word' id='word_1_14' title='bbox 1128 600 1339 678; x_wconf 91' lang='lat' dir='ltr'><strong>multorum</strong></span> <span class='ocrx_word' id='word_1_15' title='bbox 1355 601 1539 708; x_wconf 91' lang='lat' dir='ltr'><strong>paludum</strong></span> <span class='ocrx_word' id='word_1_16' title='bbox 1555 603 1725 709; x_wconf 92' lang='lat' dir='ltr'><strong>putredi-</strong></span> 
     </span>
     <span class='ocr_line' id='line_1_3' title="bbox 304 728 1723 838; baseline 0.008 -40"><span class='ocrx_word' id='word_1_17' title='bbox 304 749 392 800; x_wconf 93' lang='lat' dir='ltr'><strong>nem</strong></span> <span class='ocrx_word' id='word_1_18' title='bbox 417 728 476 806; x_wconf 88' lang='lat' dir='ltr'><strong>vel</strong></span> <span class='ocrx_word' id='word_1_19' title='bbox 505 757 709 809; x_wconf 91' lang='lat' dir='ltr'><strong>nemorum</strong></span> <span class='ocrx_word' id='word_1_20' title='bbox 731 731 975 823; x_wconf 85' lang='lat' dir='ltr'><strong>densitatem,</strong></span> <span class='ocrx_word' id='word_1_21' title='bbox 998 761 1067 838; x_wconf 90' lang='lat' dir='ltr'><strong>per</strong></span> <span class='ocrx_word' id='word_1_22' title='bbox 1089 732 1217 810; x_wconf 89' lang='lat' dir='ltr'><strong>omnia</strong></span> <span class='ocrx_word' id='word_1_23' title='bbox 1242 733 1383 811; x_wconf 91' lang='lat' dir='ltr'><strong>invenit</strong></span> <span class='ocrx_word' id='word_1_24' title='bbox 1404 732 1567 824; x_wconf 89' lang='lat' dir='ltr'><strong>deserta,</strong></span> <span class='ocrx_word' id='word_1_25' title='bbox 1588 762 1658 810; x_wconf 92' lang='lat' dir='ltr'><strong>nec</strong></span> <span class='ocrx_word' id='word_1_26' title='bbox 1675 735 1723 810; x_wconf 90' lang='lat' dir='ltr'><strong>ad</strong></span> 
     </span>
     <span class='ocr_line' id='line_1_4' title="bbox 304 846 1725 971; baseline 0.008 -42"><span class='ocrx_word' id='word_1_27' title='bbox 304 881 395 932; x_wconf 88' lang='lat' dir='ltr'><strong>usus</strong></span> <span class='ocrx_word' id='word_1_28' title='bbox 413 858 631 953; x_wconf 91' lang='lat' dir='ltr'><strong>hominum,</strong></span> <span class='ocrx_word' id='word_1_29' title='bbox 647 862 718 940; x_wconf 88' lang='lat' dir='ltr'><strong>nisi</strong></span> <span class='ocrx_word' id='word_1_30' title='bbox 734 861 840 970; x_wconf 87' lang='lat' dir='ltr'><strong>quod</strong></span> <span class='ocrx_word' id='word_1_31' title='bbox 855 878 893 940; x_wconf 88' lang='lat' dir='ltr'><strong>et</strong></span> <span class='ocrx_word' id='word_1_32' title='bbox 906 862 1032 939; x_wconf 90' lang='lat' dir='ltr'><strong>adhuc</strong></span> <span class='ocrx_word' id='word_1_33' title='bbox 1044 846 1181 940; x_wconf 85' lang='lat' dir='ltr'><strong>incolis</strong></span> <span class='ocrx_word' id='word_1_34' title='bbox 1194 890 1273 940; x_wconf 93' lang='lat' dir='ltr'><strong>non</strong></span> <span class='ocrx_word' id='word_1_35' title='bbox 1288 865 1394 942; x_wconf 81' lang='lat' dir='ltr'><strong>deest</strong></span> <span class='ocrx_word' id='word_1_36' title='bbox 1405 893 1473 971; x_wconf 94' lang='lat' dir='ltr'><strong>pro</strong></span> <span class='ocrx_word' id='word_1_37' title='bbox 1487 864 1725 971; x_wconf 83' lang='lat' dir='ltr'><strong>capescendis</strong></span> 
     </span>
     <span class='ocr_line' id='line_1_5' title="bbox 303 989 1725 1101; baseline 0.006 -40"><span class='ocrx_word' id='word_1_38' title='bbox 303 989 628 1098; x_wconf 75' lang='lat' dir='ltr'><strong>squamigerorum</strong></span> <span class='ocrx_word' id='word_1_39' title='bbox 643 993 863 1101; x_wconf 86' lang='lat' dir='ltr'><strong>generibus,</strong></span> <span class='ocrx_word' id='word_1_40' title='bbox 886 993 981 1099; x_wconf 92' lang='lat' dir='ltr'><strong>quid</strong></span> <span class='ocrx_word' id='word_1_41' title='bbox 1000 1020 1170 1100; x_wconf 90' lang='lat' dir='ltr'><strong>unquam</strong></span> <span class='ocrx_word' id='word_1_42' title='bbox 1187 993 1403 1088; x_wconf 90' lang='lat' dir='ltr'><strong>utilia.Quo</strong></span> <span class='ocrx_word' id='word_1_43' title='bbox 1420 995 1461 1070; x_wconf 91' lang='lat' dir='ltr'><strong>in</strong></span> <span class='ocrx_word' id='word_1_44' title='bbox 1474 995 1559 1073; x_wconf 93' lang='lat' dir='ltr'><strong>loco</strong></span> <span class='ocrx_word' id='word_1_45' title='bbox 1574 1011 1725 1073; x_wconf 89' lang='lat' dir='ltr'><strong>sanctus</strong></span> 
     </span>
     <span class='ocr_line' id='line_1_6' title="bbox 176 1113 1725 1231; baseline 0.008 -43"><span class='ocrx_word' id='word_1_46' title='bbox 176 1202 180 1211; x_wconf 31' lang='grc' dir='ltr'>Ι</span> <span class='ocrx_word' id='word_1_47' title='bbox 302 1113 512 1198; x_wconf 86' lang='lat' dir='ltr'><strong>virtantum</strong></span> <span class='ocrx_word' id='word_1_48' title='bbox 523 1123 563 1199; x_wconf 94' lang='lat' dir='ltr'><strong>in</strong></span> <span class='ocrx_word' id='word_1_49' title='bbox 573 1124 644 1202; x_wconf 93' lang='lat' dir='ltr'><strong>Dei</strong></span> <span class='ocrx_word' id='word_1_50' title='bbox 657 1125 812 1202; x_wconf 92' lang='lat' dir='ltr'><strong>nomine</strong></span> <span class='ocrx_word' id='word_1_51' title='bbox 825 1123 982 1217; x_wconf 85' lang='lat' dir='ltr'><strong>sudavit,</strong></span> <span class='ocrx_word' id='word_1_52' title='bbox 992 1140 1037 1201; x_wconf 91' lang='lat' dir='ltr'><strong>ut</strong></span> <span class='ocrx_word' id='word_1_53' title='bbox 1046 1123 1222 1230; x_wconf 90' lang='lat' dir='ltr'><strong>primitus</strong></span> <span class='ocrx_word' id='word_1_54' title='bbox 1233 1123 1364 1201; x_wconf 91' lang='lat' dir='ltr'><strong>nobile</strong></span> <span class='ocrx_word' id='word_1_55' title='bbox 1373 1125 1575 1230; x_wconf 91' lang='lat' dir='ltr'><strong>templum,</strong></span> <span class='ocrx_word' id='word_1_56' title='bbox 1589 1123 1725 1231; x_wconf 88' lang='lat' dir='ltr'><strong>lapidi-</strong></span> 
     </span>
    </p>
   </div>
   <div class='ocr_carea' id='block_1_3' title="bbox 301 1243 1752 1363">
    <p class='ocr_par' dir='ltr' id='par_1_3' title="bbox 301 1243 1752 1363">
     <span class='ocr_line' id='line_1_7' title="bbox 301 1243 1752 1363; baseline 0.002 -42"><span class='ocrx_word' id='word_1_57' title='bbox 301 1243 583 1359; x_wconf 83' lang='lat' dir='ltr'><strong>busrubrisque</strong></span> <span class='ocrx_word' id='word_1_58' title='bbox 596 1255 777 1334; x_wconf 89' lang='lat' dir='ltr'><strong>lateribus</strong></span> <span class='ocrx_word' id='word_1_59' title='bbox 787 1255 1058 1346; x_wconf 83' lang='lat' dir='ltr'><strong>intermixtum,</strong></span> <span class='ocrx_word' id='word_1_60' title='bbox 1070 1254 1109 1330; x_wconf 90' lang='lat' dir='ltr'><strong>in</strong></span> <span class='ocrx_word' id='word_1_61' title='bbox 1120 1254 1239 1331; x_wconf 89' lang='lat' dir='ltr'><strong>altum</strong></span> <span class='ocrx_word' id='word_1_62' title='bbox 1250 1255 1543 1363; x_wconf 78' lang='lat' dir='ltr'><strong>erigeret30ujus</strong></span> <span class='ocrx_word' id='word_1_63' title='bbox 1552 1254 1722 1331; x_wconf 82' lang='lat' dir='ltr'><strong>ervicino</strong></span> <span class='ocrx_word' id='word_1_64' title='bbox 1748 1313 1752 1324; x_wconf 94' lang='lat'><em>.</em></span> 
     </span>
    </p>
   </div>
   <div class='ocr_carea' id='block_1_4' title="bbox 170 1376 1723 1490">
    <p class='ocr_par' dir='ltr' id='par_1_4' title="bbox 170 1376 1723 1490">
     <span class='ocr_line' id='line_1_8' title="bbox 170 1376 1723 1490; baseline 0.005 -39"><span class='ocrx_word' id='word_1_65' title='bbox 170 1484 173 1489; x_wconf 89' lang='lat'><em>.</em></span> <span class='ocrx_word' id='word_1_66' title='bbox 303 1376 508 1473; x_wconf 85' lang='lat' dir='ltr'><strong>columnae,</strong></span> <span class='ocrx_word' id='word_1_67' title='bbox 530 1412 691 1489; x_wconf 90' lang='lat' dir='ltr'><strong>quarum</strong></span> <span class='ocrx_word' id='word_1_68' title='bbox 712 1383 896 1490; x_wconf 78' lang='lat' dir='ltr'>capitibus</span> <span class='ocrx_word' id='word_1_69' title='bbox 919 1382 1078 1490; x_wconf 83' lang='lat' dir='ltr'><strong>singulis</strong></span> <span class='ocrx_word' id='word_1_70' title='bbox 1096 1383 1272 1488; x_wconf 91' lang='lat' dir='ltr'><strong>imposita</strong></span> <span class='ocrx_word' id='word_1_71' title='bbox 1295 1383 1502 1472; x_wconf 85' lang='lat' dir='ltr'><strong>testudine,</strong></span> <span class='ocrx_word' id='word_1_72' title='bbox 1524 1399 1723 1490; x_wconf 89' lang='lat' dir='ltr'><strong>utramque</strong></span> 
     </span>
    </p>
   </div>
   <div class='ocr_carea' id='block_1_5' title="bbox 255 1507 1727 2272">
    <p class='ocr_par' dir='ltr' id='par_1_5' title="bbox 255 1507 1727 2272">
     <span class='ocr_line' id='line_1_9' title="bbox 255 1507 1725 1618; baseline 0.005 -36"><span class='ocrx_word' id='word_1_73' title='bbox 255 1553 261 1569; x_wconf 92' lang='lat'>·</span> <span class='ocrx_word' id='word_1_74' title='bbox 300 1507 483 1612; x_wconf 91' lang='lat' dir='ltr'><strong>parietem</strong></span> <span class='ocrx_word' id='word_1_75' title='bbox 503 1510 664 1590; x_wconf 84' lang='lat' dir='ltr'><strong>firmiter</strong></span> <span class='ocrx_word' id='word_1_76' title='bbox 683 1530 909 1604; x_wconf 71' lang='lat' dir='ltr'><strong>sustentant,</strong></span> <span class='ocrx_word' id='word_1_77' title='bbox 932 1541 1002 1590; x_wconf 91' lang='lat' dir='ltr'><strong>nec</strong></span> <span class='ocrx_word' id='word_1_78' title='bbox 1021 1511 1149 1590; x_wconf 92' lang='lat' dir='ltr'><strong>minus</strong></span> <span class='ocrx_word' id='word_1_79' title='bbox 1165 1513 1325 1590; x_wconf 90' lang='lat' dir='ltr'><strong>interius</strong></span> <span class='ocrx_word' id='word_1_80' title='bbox 1342 1512 1495 1590; x_wconf 91' lang='lat' dir='ltr'><strong>oratorii</strong></span> <span class='ocrx_word' id='word_1_81' title='bbox 1515 1515 1725 1618; x_wconf 89' lang='lat' dir='ltr'><strong>pavimenta</strong></span> 
     </span>
     <span class='ocr_line' id='line_1_10' title="bbox 301 1637 1726 1752; baseline 0.006 -41"><span class='ocrx_word' id='word_1_82' title='bbox 301 1637 552 1717; x_wconf 90' lang='lat' dir='ltr'><strong>multicoloris</strong></span> <span class='ocrx_word' id='word_1_83' title='bbox 566 1658 758 1748; x_wconf 88' lang='lat' dir='ltr'><strong>petrarum</strong></span> <span class='ocrx_word' id='word_1_84' title='bbox 767 1642 962 1749; x_wconf 86' lang='lat' dir='ltr'><strong>junctura,</strong></span> <span class='ocrx_word' id='word_1_85' title='bbox 980 1670 1063 1749; x_wconf 80' lang='lat' dir='ltr'><strong>quae</strong></span> <span class='ocrx_word' id='word_1_86' title='bbox 1080 1639 1255 1747; x_wconf 92' lang='lat' dir='ltr'><strong>pluribus</strong></span> <span class='ocrx_word' id='word_1_87' title='bbox 1272 1642 1311 1718; x_wconf 91' lang='lat' dir='ltr'><strong>in</strong></span> <span class='ocrx_word' id='word_1_88' title='bbox 1327 1642 1421 1720; x_wconf 91' lang='lat' dir='ltr'><strong>locis</strong></span> <span class='ocrx_word' id='word_1_89' title='bbox 1434 1669 1546 1720; x_wconf 88' lang='lat' dir='ltr'><strong>aurea</strong></span> <span class='ocrx_word' id='word_1_90' title='bbox 1562 1643 1726 1752; x_wconf 88' lang='lat' dir='ltr'><strong>infigunt</strong></span> 
     </span>
     <span class='ocr_line' id='line_1_11' title="bbox 300 1763 1722 1880; baseline 0.004 -38"><span class='ocrx_word' id='word_1_91' title='bbox 300 1763 495 1862; x_wconf 90' lang='lat' dir='ltr'><strong>lammina,</strong></span> <span class='ocrx_word' id='word_1_92' title='bbox 511 1770 689 1850; x_wconf 88' lang='lat' dir='ltr'><strong>decenter</strong></span> <span class='ocrx_word' id='word_1_93' title='bbox 698 1772 904 1850; x_wconf 86' lang='lat' dir='ltr'><strong>adornavit.</strong></span> <span class='ocrx_word' id='word_1_94' title='bbox 917 1771 1037 1879; x_wconf 87' lang='lat' dir='ltr'><strong>Cujus</strong></span> <span class='ocrx_word' id='word_1_95' title='bbox 1048 1772 1183 1879; x_wconf 90' lang='lat' dir='ltr'><strong>templi</strong></span> <span class='ocrx_word' id='word_1_96' title='bbox 1195 1778 1421 1851; x_wconf 82' lang='lat' dir='ltr'><strong>structuram</strong></span> <span class='ocrx_word' id='word_1_97' title='bbox 1432 1775 1497 1880; x_wconf 92' lang='lat' dir='ltr'><strong>qui</strong></span> <span class='ocrx_word' id='word_1_98' title='bbox 1507 1773 1602 1852; x_wconf 85' lang='lat' dir='ltr'><strong>forte</strong></span> <span class='ocrx_word' id='word_1_99' title='bbox 1618 1771 1722 1865; x_wconf 91' lang='lat' dir='ltr'><strong>velit,</strong></span> 
     </span>
     <span class='ocr_line' id='line_1_12' title="bbox 300 1901 1727 2012; baseline 0.004 -39"><span class='ocrx_word' id='word_1_100' title='bbox 300 1925 375 2001; x_wconf 86' lang='lat' dir='ltr'><strong>prae</strong></span> <span class='ocrx_word' id='word_1_101' title='bbox 390 1901 511 1979; x_wconf 92' lang='lat' dir='ltr'><strong>oculis</strong></span> <span class='ocrx_word' id='word_1_102' title='bbox 521 1903 705 2010; x_wconf 87' lang='lat' dir='ltr'><strong>inspicere</strong></span> <span class='ocrx_word' id='word_1_103' title='bbox 718 1904 868 2012; x_wconf 90' lang='lat' dir='ltr'><strong>poterit.</strong></span> <span class='ocrx_word' id='word_1_104' title='bbox 887 1906 998 1981; x_wconf 94' lang='lat' dir='ltr'><strong>Hunc</strong></span> <span class='ocrx_word' id='word_1_105' title='bbox 1012 1905 1280 1983; x_wconf 82' lang='lat' dir='ltr'><strong>tantummodo</strong></span> <span class='ocrx_word' id='word_1_106' title='bbox 1296 1906 1466 1984; x_wconf 89' lang='lat' dir='ltr'><strong>codicem</strong></span> <span class='ocrx_word' id='word_1_107' title='bbox 1483 1906 1530 1982; x_wconf 92' lang='lat' dir='ltr'><strong>de</strong></span> <span class='ocrx_word' id='word_1_108' title='bbox 1544 1903 1727 1982; x_wconf 92' lang='lat' dir='ltr'><strong>membra·</strong></span> 
     </span>
     <span class='ocr_line' id='line_1_13' title="bbox 301 2028 1725 2143; baseline 0.004 -40"><span class='ocrx_word' id='word_1_109' title='bbox 301 2028 402 2106; x_wconf 91' lang='lat' dir='ltr'><strong>nulis</strong></span> <span class='ocrx_word' id='word_1_110' title='bbox 413 2031 454 2108; x_wconf 95' lang='lat' dir='ltr'><strong>in</strong></span> <span class='ocrx_word' id='word_1_111' title='bbox 468 2032 582 2111; x_wconf 91' lang='lat' dir='ltr'><strong>unius</strong></span> <span class='ocrx_word' id='word_1_112' title='bbox 596 2032 684 2110; x_wconf 90' lang='lat' dir='ltr'><strong>libri</strong></span> <span class='ocrx_word' id='word_1_113' title='bbox 699 2034 976 2112; x_wconf 84' lang='lat' dir='ltr'><strong>cumulavimus</strong></span> <span class='ocrx_word' id='word_1_114' title='bbox 992 2063 1143 2141; x_wconf 90' lang='lat' dir='ltr'><strong>corpus,</strong></span> <span class='ocrx_word' id='word_1_115' title='bbox 1161 2051 1220 2124; x_wconf 89' lang='lat' dir='ltr'><strong>ut,</strong></span> <span class='ocrx_word' id='word_1_116' title='bbox 1238 2034 1269 2112; x_wconf 92' lang='lat' dir='ltr'><strong>si</strong></span> <span class='ocrx_word' id='word_1_117' title='bbox 1289 2035 1413 2113; x_wconf 85' lang='lat' dir='ltr'><strong>forsan</strong></span> <span class='ocrx_word' id='word_1_118' title='bbox 1429 2037 1514 2143; x_wconf 91' lang='lat' dir='ltr'><strong>quis</strong></span> <span class='ocrx_word' id='word_1_119' title='bbox 1528 2035 1635 2114; x_wconf 90' lang='lat' dir='ltr'><strong>istius</strong></span> <span class='ocrx_word' id='word_1_120' title='bbox 1650 2034 1725 2112; x_wconf 91' lang='lat' dir='ltr'><strong>loci</strong></span> 
     </span>
     <span class='ocr_line' id='line_1_14' title="bbox 300 2162 1724 2272; baseline 0.002 -36"><span class='ocrx_word' id='word_1_121' title='bbox 300 2162 581 2263; x_wconf 87' lang='lat' dir='ltr'><strong>posscssionum</strong></span> <span class='ocrx_word' id='word_1_122' title='bbox 601 2164 945 2272; x_wconf 84' lang='lat' dir='ltr'><strong>investigandarum</strong></span> <span class='ocrx_word' id='word_1_123' title='bbox 959 2164 1075 2241; x_wconf 89' lang='lat' dir='ltr'><strong>fuerit</strong></span> <span class='ocrx_word' id='word_1_124' title='bbox 1090 2163 1241 2257; x_wconf 88' lang='lat' dir='ltr'><strong>avidus,</strong></span> <span class='ocrx_word' id='word_1_125' title='bbox 1264 2165 1431 2243; x_wconf 92' lang='lat' dir='ltr'><strong>adhunc</strong></span> <span class='ocrx_word' id='word_1_126' title='bbox 1451 2182 1643 2242; x_wconf 89' lang='lat' dir='ltr'><strong>recurrat:</strong></span> <span class='ocrx_word' id='word_1_127' title='bbox 1670 2163 1724 2240; x_wconf 91' lang='lat' dir='ltr'><strong>ibi</strong></span> 
     </span>
    </p>
   </div>
   <div class='ocr_carea' id='block_1_6' title="bbox 182 2294 1725 2532">
    <p class='ocr_par' dir='ltr' id='par_1_6' title="bbox 182 2294 1725 2532">
     <span class='ocr_line' id='line_1_15' title="bbox 185 2294 1725 2401; baseline 0.003 -38"><span class='ocrx_word' id='word_1_128' title='bbox 185 2326 187 2331; x_wconf 95' lang='lat'><em>·</em></span> <span class='ocrx_word' id='word_1_129' title='bbox 300 2315 504 2369; x_wconf 91' lang='lat' dir='ltr'><strong>numerum</strong></span> <span class='ocrx_word' id='word_1_130' title='bbox 526 2310 563 2370; x_wconf 96' lang='lat' dir='ltr'><strong>et</strong></span> <span class='ocrx_word' id='word_1_131' title='bbox 586 2295 741 2372; x_wconf 93' lang='lat' dir='ltr'><strong>nomina</strong></span> <span class='ocrx_word' id='word_1_132' title='bbox 761 2295 930 2371; x_wconf 87' lang='lat' dir='ltr'><strong>invenire</strong></span> <span class='ocrx_word' id='word_1_133' title='bbox 947 2294 1088 2401; x_wconf 88' lang='lat' dir='ltr'><strong>poterit</strong></span> <span class='ocrx_word' id='word_1_134' title='bbox 1099 2294 1323 2401; x_wconf 91' lang='lat' dir='ltr'><strong>quantocius</strong></span> <span class='ocrx_word' id='word_1_135' title='bbox 1343 2294 1414 2372; x_wconf 89' lang='lat' dir='ltr'><strong>sub</strong></span> <span class='ocrx_word' id='word_1_136' title='bbox 1434 2295 1725 2400; x_wconf 79' lang='lat' dir='ltr'><strong>praetitulatione</strong></span> 
     </span>
     <span class='ocr_line' id='line_1_16' title="bbox 182 2421 1724 2532; baseline 0.003 -40"><span class='ocrx_word' id='word_1_137' title='bbox 182 2508 185 2513; x_wconf 19' lang='lat'><em>¹</em></span> <span class='ocrx_word' id='word_1_138' title='bbox 300 2445 486 2496; x_wconf 91' lang='lat' dir='ltr'><strong>annorum</strong></span> <span class='ocrx_word' id='word_1_139' title='bbox 498 2422 695 2502; x_wconf 72' lang='lat' dir='ltr'><strong>dominicae</strong></span> <span class='ocrx_word' id='word_1_140' title='bbox 705 2423 920 2512; x_wconf 89' lang='lat' dir='ltr'><strong>nativitatis,</strong></span> <span class='ocrx_word' id='word_1_141' title='bbox 933 2423 992 2502; x_wconf 83' lang='lat' dir='ltr'><strong>rel</strong></span> <span class='ocrx_word' id='word_1_142' title='bbox 1002 2440 1095 2500; x_wconf 90' lang='lat' dir='ltr'><strong>tunc</strong></span> <span class='ocrx_word' id='word_1_143' title='bbox 1107 2423 1291 2530; x_wconf 89' lang='lat' dir='ltr'><strong>temporis</strong></span> <span class='ocrx_word' id='word_1_144' title='bbox 1303 2421 1507 2532; x_wconf 87' lang='lat' dir='ltr'><strong>cujuslibet</strong></span> <span class='ocrx_word' id='word_1_145' title='bbox 1515 2423 1724 2529; x_wconf 86' lang='lat' dir='ltr'><strong>regis,apte</strong></span> 
     </span>
    </p>
   </div>
   <div class='ocr_carea' id='block_1_7' title="bbox 299 2549 1728 2918">
    <p class='ocr_par' dir='ltr' id='par_1_7' title="bbox 299 2549 1728 2918">
     <span class='ocr_line' id='line_1_17' title="bbox 299 2549 1728 2659; baseline 0.003 -34"><span class='ocrx_word' id='word_1_146' title='bbox 299 2549 544 2656; x_wconf 90' lang='lat' dir='ltr'><strong>conjunctum</strong></span> <span class='ocrx_word' id='word_1_147' title='bbox 556 2557 579 2644; x_wconf 89' lang='lat'><strong>¹,</strong></span> <span class='ocrx_word' id='word_1_148' title='bbox 604 2569 719 2659; x_wconf 92' lang='lat' dir='ltr'><strong>prout</strong></span> <span class='ocrx_word' id='word_1_149' title='bbox 736 2570 871 2631; x_wconf 89' lang='lat' dir='ltr'><strong>nostrae</strong></span> <span class='ocrx_word' id='word_1_150' title='bbox 892 2571 970 2630; x_wconf 91' lang='lat' dir='ltr'><strong>erat</strong></span> <span class='ocrx_word' id='word_1_151' title='bbox 989 2553 1263 2658; x_wconf 85' lang='lat' dir='ltr'><strong>possibilitatis;</strong></span> <span class='ocrx_word' id='word_1_152' title='bbox 1285 2554 1354 2629; x_wconf 86' lang='lat' dir='ltr'><strong>sed</strong></span> <span class='ocrx_word' id='word_1_153' title='bbox 1373 2581 1450 2630; x_wconf 90' lang='lat' dir='ltr'><strong>non</strong></span> <span class='ocrx_word' id='word_1_154' title='bbox 1469 2553 1616 2639; x_wconf 87' lang='lat' dir='ltr'><strong>omnia,</strong></span> <span class='ocrx_word' id='word_1_155' title='bbox 1637 2580 1728 2658; x_wconf 84' lang='lat' dir='ltr'><strong>quo</strong></span> 
     </span>
     <span class='ocr_line' id='line_1_18' title="bbox 300 2679 1724 2790; baseline 0.004 -36"><span class='ocrx_word' id='word_1_156' title='bbox 300 2679 402 2756; x_wconf 88' lang='lat' dir='ltr'><strong>niam</strong></span> <span class='ocrx_word' id='word_1_157' title='bbox 417 2682 537 2759; x_wconf 92' lang='lat' dir='ltr'><strong>multa</strong></span> <span class='ocrx_word' id='word_1_158' title='bbox 558 2682 605 2759; x_wconf 89' lang='lat' dir='ltr'><strong>ab</strong></span> <span class='ocrx_word' id='word_1_159' title='bbox 618 2682 918 2761; x_wconf 87' lang='lat' dir='ltr'><strong>antecessoribus</strong></span> <span class='ocrx_word' id='word_1_160' title='bbox 933 2683 1072 2760; x_wconf 89' lang='lat' dir='ltr'><strong>nostris</strong></span> <span class='ocrx_word' id='word_1_161' title='bbox 1083 2681 1254 2790; x_wconf 84' lang='lat' dir='ltr'><strong>neglecta</strong></span> <span class='ocrx_word' id='word_1_162' title='bbox 1268 2699 1372 2773; x_wconf 88' lang='lat' dir='ltr'><strong>sunt,</strong></span> <span class='ocrx_word' id='word_1_163' title='bbox 1390 2681 1526 2787; x_wconf 87' lang='lat' dir='ltr'><strong>partim</strong></span> <span class='ocrx_word' id='word_1_164' title='bbox 1540 2680 1724 2759; x_wconf 90' lang='lat' dir='ltr'><strong>librorum</strong></span> 
     </span>
     <span class='ocr_line' id='line_1_19' title="bbox 300 2809 1106 2918; baseline 0.002 -31"><span class='ocrx_word' id='word_1_165' title='bbox 300 2809 538 2903; x_wconf 82' lang='lat' dir='ltr'><strong>incensione,</strong></span> <span class='ocrx_word' id='word_1_166' title='bbox 558 2815 695 2918; x_wconf 91' lang='lat' dir='ltr'><strong>partim</strong></span> <span class='ocrx_word' id='word_1_167' title='bbox 716 2811 897 2891; x_wconf 92' lang='lat' dir='ltr'><strong>demolita</strong></span> <span class='ocrx_word' id='word_1_168' title='bbox 911 2829 1106 2893; x_wconf 86' lang='lat' dir='ltr'><strong>vetustate.</strong></span> 
     </span>
    </p>
   </div>
   <div class='ocr_carea' id='block_1_8' title="bbox 981 3108 1039 3181">
    <p class='ocr_par' dir='ltr' id='par_1_8' title="bbox 981 3108 1039 3181">
     <span class='ocr_line' id='line_1_20' title="bbox 981 3108 1039 3181; baseline 0.034 -2"><span class='ocrx_word' id='word_1_169' title='bbox 981 3108 1039 3181; x_wconf 88' lang='grc' dir='ltr'><strong>ΙΙ.</strong></span> 
     </span>
    </p>
   </div>
   <div class='ocr_carea' id='block_1_9' title="bbox 477 3275 1545 3345">
    <p class='ocr_par' dir='ltr' id='par_1_9' title="bbox 477 3275 1545 3345">
     <span class='ocr_line' id='line_1_21' title="bbox 477 3275 1545 3345; baseline -0.002 -13"><span class='ocrx_word' id='word_1_170' title='bbox 477 3292 514 3333; x_wconf 77' lang='lat' dir='ltr'><strong>DE</strong></span> <span class='ocrx_word' id='word_1_171' title='bbox 536 3292 572 3334; x_wconf 74' lang='grc' dir='ltr'><strong>ΕΟ</strong></span> <span class='ocrx_word' id='word_1_172' title='bbox 591 3290 670 3345; x_wconf 81' lang='lat' dir='ltr'>QUOD</span> <span class='ocrx_word' id='word_1_173' title='bbox 692 3289 861 3334; x_wconf 67' lang='lat' dir='ltr'><strong>annotinus</strong></span> <span class='ocrx_word' id='word_1_174' title='bbox 881 3291 1021 3333; x_wconf 71' lang='lat' dir='ltr'><strong>anamma</strong></span> <span class='ocrx_word' id='word_1_175' title='bbox 1043 3290 1134 3332; x_wconf 69' lang='lat' dir='ltr'><strong>nuru</strong></span> <span class='ocrx_word' id='word_1_176' title='bbox 1156 3289 1283 3332; x_wconf 69' lang='lat' dir='ltr'><strong>natanto</strong></span> <span class='ocrx_word' id='word_1_177' title='bbox 1304 3289 1412 3333; x_wconf 68' lang='lat' dir='ltr'><strong>Vllum</strong></span> <span class='ocrx_word' id='word_1_178' title='bbox 1430 3275 1545 3333; x_wconf 67' lang='lat' dir='ltr'><strong>&#39;slantu</strong></span> 
     </span>
    </p>
   </div>
   <div class='ocr_carea' id='block_1_10' title="bbox 297 3469 1729 4491">
    <p class='ocr_par' dir='ltr' id='par_1_10' title="bbox 297 3469 1729 4491">
     <span class='ocr_line' id='line_1_22' title="bbox 352 3469 1727 3580; baseline -0.003 -33"><span class='ocrx_word' id='word_1_179' title='bbox 352 3470 395 3547; x_wconf 92' lang='lat' dir='ltr'><strong>In</strong></span> <span class='ocrx_word' id='word_1_180' title='bbox 423 3472 632 3577; x_wconf 90' lang='lat' dir='ltr'><strong>primordio</strong></span> <span class='ocrx_word' id='word_1_181' title='bbox 659 3472 774 3579; x_wconf 86' lang='lat' dir='ltr'><strong>igitur</strong></span> <span class='ocrx_word' id='word_1_182' title='bbox 798 3473 913 3580; x_wconf 90' lang='lat' dir='ltr'><strong>hujus</strong></span> <span class='ocrx_word' id='word_1_183' title='bbox 934 3472 1073 3579; x_wconf 88' lang='lat' dir='ltr'><strong>operis,</strong></span> <span class='ocrx_word' id='word_1_184' title='bbox 1100 3472 1251 3577; x_wconf 89' lang='lat' dir='ltr'><strong>auspice</strong></span> <span class='ocrx_word' id='word_1_185' title='bbox 1278 3470 1450 3557; x_wconf 90' lang='lat' dir='ltr'><strong>Christo,</strong></span> <span class='ocrx_word' id='word_1_186' title='bbox 1472 3469 1727 3575; x_wconf 86' lang='lat' dir='ltr'><strong>praeponimus</strong></span> 
     </span>
     <span class='ocr_line' id='line_1_23' title="bbox 297 3596 1728 3711; baseline -0.001 -35"><span class='ocrx_word' id='word_1_187' title='bbox 297 3601 542 3680; x_wconf 87' lang='lat' dir='ltr'><strong>traditionem</strong></span> <span class='ocrx_word' id='word_1_188' title='bbox 575 3601 754 3681; x_wconf 88' lang='lat' dir='ltr'><strong>Adroaldi</strong></span> <span class='ocrx_word' id='word_1_189' title='bbox 778 3621 871 3683; x_wconf 90' lang='lat' dir='ltr'><strong>tunc</strong></span> <span class='ocrx_word' id='word_1_190' title='bbox 903 3603 1087 3710; x_wconf 90' lang='lat' dir='ltr'><strong>temporis</strong></span> <span class='ocrx_word' id='word_1_191' title='bbox 1121 3600 1387 3692; x_wconf 89' lang='lat' dir='ltr'><strong>illustrissimi,</strong></span> <span class='ocrx_word' id='word_1_192' title='bbox 1424 3598 1511 3706; x_wconf 93' lang='lat' dir='ltr'><strong>qui,</strong></span> <span class='ocrx_word' id='word_1_193' title='bbox 1542 3596 1658 3673; x_wconf 89' lang='lat' dir='ltr'><strong>velud</strong></span> <span class='ocrx_word' id='word_1_194' title='bbox 1689 3598 1728 3711; x_wconf 88' lang='lat' dir='ltr'><strong>in</strong></span> 
     </span>
     <span class='ocr_line' id='line_1_24' title="bbox 299 3727 1729 3844; baseline -0.003 -35"><span class='ocrx_word' id='word_1_195' title='bbox 299 3733 412 3837; x_wconf 85' lang='lat' dir='ltr'><strong>gestis</strong></span> <span class='ocrx_word' id='word_1_196' title='bbox 438 3733 527 3811; x_wconf 94' lang='lat' dir='ltr'><strong>almi</strong></span> <span class='ocrx_word' id='word_1_197' title='bbox 548 3735 663 3841; x_wconf 86' lang='lat' dir='ltr'><strong>patris</strong></span> <span class='ocrx_word' id='word_1_198' title='bbox 681 3737 825 3814; x_wconf 84' lang='lat' dir='ltr'><strong>Bertini</strong></span> <span class='ocrx_word' id='word_1_199' title='bbox 849 3736 989 3844; x_wconf 83' lang='lat' dir='ltr'><strong>legitur</strong></span> <span class='ocrx_word' id='word_1_200' title='bbox 1006 3740 1030 3826; x_wconf 77' lang='lat'><strong>²,</strong></span> <span class='ocrx_word' id='word_1_201' title='bbox 1060 3763 1147 3812; x_wconf 90' lang='lat' dir='ltr'><strong>cum</strong></span> <span class='ocrx_word' id='word_1_202' title='bbox 1180 3730 1451 3813; x_wconf 88' lang='lat' dir='ltr'><strong>hereditarium</strong></span> <span class='ocrx_word' id='word_1_203' title='bbox 1484 3727 1729 3835; x_wconf 89' lang='lat' dir='ltr'><strong>possessionis</strong></span> 
     </span>
     <span class='ocr_line' id='line_1_25' title="bbox 300 3857 1727 3973; baseline -0.002 -36"><span class='ocrx_word' id='word_1_204' title='bbox 300 3889 375 3938; x_wconf 88' lang='lat' dir='ltr'><strong>suae</strong></span> <span class='ocrx_word' id='word_1_205' title='bbox 395 3890 473 3941; x_wconf 94' lang='lat' dir='ltr'><strong>non</strong></span> <span class='ocrx_word' id='word_1_206' title='bbox 492 3863 666 3954; x_wconf 89' lang='lat' dir='ltr'><strong>haberet,</strong></span> <span class='ocrx_word' id='word_1_207' title='bbox 688 3884 774 3971; x_wconf 90' lang='lat' dir='ltr'><strong>post</strong></span> <span class='ocrx_word' id='word_1_208' title='bbox 794 3864 989 3943; x_wconf 91' lang='lat' dir='ltr'><strong>decessum</strong></span> <span class='ocrx_word' id='word_1_209' title='bbox 1010 3865 1217 3973; x_wconf 79' lang='lat' dir='ltr'><strong>fragilitatis</strong></span> <span class='ocrx_word' id='word_1_210' title='bbox 1236 3865 1431 3953; x_wconf 86' lang='lat' dir='ltr'><strong>humanae,</strong></span> <span class='ocrx_word' id='word_1_211' title='bbox 1452 3876 1607 3936; x_wconf 90' lang='lat' dir='ltr'><strong>tractare</strong></span> <span class='ocrx_word' id='word_1_212' title='bbox 1628 3857 1727 3964; x_wconf 92' lang='lat' dir='ltr'><strong>cepit</strong></span> 
     </span>
     <span class='ocr_line' id='line_1_26' title="bbox 300 3991 1726 4100; baseline -0.001 -34"><span class='ocrx_word' id='word_1_213' title='bbox 300 3991 447 4071; x_wconf 88' lang='lat' dir='ltr'><strong>assidue</strong></span> <span class='ocrx_word' id='word_1_214' title='bbox 474 3994 636 4100; x_wconf 90' lang='lat' dir='ltr'><strong>qualiter</strong></span> <span class='ocrx_word' id='word_1_215' title='bbox 660 3995 810 4072; x_wconf 90' lang='lat' dir='ltr'><strong>Christo</strong></span> <span class='ocrx_word' id='word_1_216' title='bbox 832 3995 1114 4072; x_wconf 87' lang='lat' dir='ltr'><strong>commendaret</strong></span> <span class='ocrx_word' id='word_1_217' title='bbox 1139 4012 1308 4085; x_wconf 89' lang='lat' dir='ltr'><strong>terrena,</strong></span> <span class='ocrx_word' id='word_1_218' title='bbox 1338 4009 1382 4067; x_wconf 90' lang='lat' dir='ltr'><strong>ut</strong></span> <span class='ocrx_word' id='word_1_219' title='bbox 1410 4007 1639 4067; x_wconf 87' lang='lat' dir='ltr'><strong>mercaretur</strong></span> <span class='ocrx_word' id='word_1_220' title='bbox 1664 4016 1726 4066; x_wconf 89' lang='lat' dir='ltr'><strong>su-</strong></span> 
     </span>
     <span class='ocr_line' id='line_1_27' title="bbox 300 4119 1722 4228; baseline 0 -32"><span class='ocrx_word' id='word_1_221' title='bbox 300 4147 427 4226; x_wconf 92' lang='lat' dir='ltr'><strong>perna.</strong></span> <span class='ocrx_word' id='word_1_222' title='bbox 448 4123 576 4228; x_wconf 83' lang='lat' dir='ltr'><strong>Igitur,</strong></span> <span class='ocrx_word' id='word_1_223' title='bbox 594 4122 816 4200; x_wconf 90' lang='lat' dir='ltr'><strong>adveniente</strong></span> <span class='ocrx_word' id='word_1_224' title='bbox 835 4122 978 4201; x_wconf 90' lang='lat' dir='ltr'><strong>domno</strong></span> <span class='ocrx_word' id='word_1_225' title='bbox 995 4123 1152 4201; x_wconf 88' lang='lat' dir='ltr'><strong>Bertino</strong></span> <span class='ocrx_word' id='word_1_226' title='bbox 1169 4124 1209 4200; x_wconf 93' lang='lat' dir='ltr'><strong>in</strong></span> <span class='ocrx_word' id='word_1_227' title='bbox 1224 4121 1458 4200; x_wconf 89' lang='lat' dir='ltr'><strong>territorium</strong></span> <span class='ocrx_word' id='word_1_228' title='bbox 1474 4119 1722 4208; x_wconf 85' lang='lat' dir='ltr'><strong>Tamaninse,</strong></span> 
     </span>
     <span class='ocr_line' id='line_1_28' title="bbox 300 4247 1725 4358; baseline 0.001 -32"><span class='ocrx_word' id='word_1_229' title='bbox 300 4251 453 4329; x_wconf 89' lang='lat' dir='ltr'><strong>hortatu</strong></span> <span class='ocrx_word' id='word_1_230' title='bbox 467 4250 567 4329; x_wconf 90' lang='lat' dir='ltr'><strong>beati</strong></span> <span class='ocrx_word' id='word_1_231' title='bbox 576 4251 736 4358; x_wconf 90' lang='lat' dir='ltr'><strong>presulis</strong></span> <span class='ocrx_word' id='word_1_232' title='bbox 745 4251 968 4348; x_wconf 86' lang='lat' dir='ltr'><strong>Andomari,</strong></span> <span class='ocrx_word' id='word_1_233' title='bbox 982 4254 1139 4331; x_wconf 89' lang='lat' dir='ltr'><strong>tradidit</strong></span> <span class='ocrx_word' id='word_1_234' title='bbox 1154 4249 1367 4331; x_wconf 82' lang='lat' dir='ltr'><strong>Adroaldus</strong></span> <span class='ocrx_word' id='word_1_235' title='bbox 1383 4247 1725 4355; x_wconf 87' lang='lat' dir='ltr'><strong>supramemoratus</strong></span> 
     </span>
     <span class='ocr_line' id='line_1_29' title="bbox 300 4377 1725 4491; baseline 0 -34"><span class='ocrx_word' id='word_1_236' title='bbox 300 4378 400 4458; x_wconf 92' lang='lat' dir='ltr'><strong>almo</strong></span> <span class='ocrx_word' id='word_1_237' title='bbox 413 4381 569 4461; x_wconf 89' lang='lat' dir='ltr'><strong>Bertino</strong></span> <span class='ocrx_word' id='word_1_238' title='bbox 583 4380 709 4459; x_wconf 88' lang='lat' dir='ltr'><strong>villam</strong></span> <span class='ocrx_word' id='word_1_239' title='bbox 725 4383 782 4460; x_wconf 89' lang='lat' dir='ltr'><strong>sui</strong></span> <span class='ocrx_word' id='word_1_240' title='bbox 792 4383 905 4491; x_wconf 87' lang='lat' dir='ltr'><strong>juris,</strong></span> <span class='ocrx_word' id='word_1_241' title='bbox 920 4384 1047 4462; x_wconf 89' lang='lat' dir='ltr'><strong>Sithiu</strong></span> <span class='ocrx_word' id='word_1_242' title='bbox 1061 4398 1332 4491; x_wconf 89' lang='lat' dir='ltr'><strong>nuncupatam,</strong></span> <span class='ocrx_word' id='word_1_243' title='bbox 1346 4406 1446 4458; x_wconf 89' lang='lat' dir='ltr'><strong>anno</strong></span> <span class='ocrx_word' id='word_1_244' title='bbox 1461 4377 1725 4457; x_wconf 85' lang='lat' dir='ltr'><strong>incarnationis</strong></span> 
     </span>
    </p>
   </div>
   <div class='ocr_carea' id='block_1_11' title="bbox 301 4590 1722 4783">
    <p class='ocr_par' dir='ltr' id='par_1_11' title="bbox 301 4590 1722 4783">
     <span class='ocr_line' id='line_1_30' title="bbox 345 4590 1722 4683; baseline -0.002 -29"><span class='ocrx_word' id='word_1_245' title='bbox 345 4593 352 4621; x_wconf 85' lang='lat'>¹</span> <span class='ocrx_word' id='word_1_246' title='bbox 375 4592 441 4668; x_wconf 87' lang='lat' dir='ltr'><strong>Qua</strong></span> <span class='ocrx_word' id='word_1_247' title='bbox 461 4596 492 4655; x_wconf 91' lang='lat' dir='ltr'><strong>in</strong></span> <span class='ocrx_word' id='word_1_248' title='bbox 512 4615 556 4665; x_wconf 81' lang='lat' dir='ltr'><strong>re,</strong></span> <span class='ocrx_word' id='word_1_249' title='bbox 581 4598 659 4656; x_wconf 89' lang='lat' dir='ltr'><strong>ntia</strong></span> <span class='ocrx_word' id='word_1_250' title='bbox 679 4594 850 4658; x_wconf 85' lang='lat' dir='ltr'><strong>Mabillonio</strong></span> <span class='ocrx_word' id='word_1_251' title='bbox 864 4598 983 4659; x_wconf 84' lang='lat' dir='ltr'><strong>adnota-</strong></span> <span class='ocrx_word' id='word_1_252' title='bbox 1084 4594 1095 4624; x_wconf 83' lang='lat'><strong>¹</strong></span> <span class='ocrx_word' id='word_1_253' title='bbox 1120 4594 1178 4656; x_wconf 82' lang='lat' dir='ltr'><strong>Adi</strong></span> <span class='ocrx_word' id='word_1_254' title='bbox 1195 4592 1305 4655; x_wconf 84' lang='lat' dir='ltr'><strong>Mabill.</strong></span> <span class='ocrx_word' id='word_1_255' title='bbox 1327 4592 1395 4657; x_wconf 77' lang='lat' dir='ltr'><strong>Sec.</strong></span> <span class='ocrx_word' id='word_1_256' title='bbox 1415 4590 1516 4654; x_wconf 78' lang='lat' dir='ltr'><strong>Bened.</strong></span> <span class='ocrx_word' id='word_1_257' title='bbox 1538 4591 1592 4662; x_wconf 87' lang='lat'>111.</span> <span class='ocrx_word' id='word_1_258' title='bbox 1607 4605 1680 4683; x_wconf 67' lang='lat' dir='ltr'><strong>part</strong></span> <span class='ocrx_word' id='word_1_259' title='bbox 1696 4611 1722 4660; x_wconf 87' lang='lat' dir='ltr'><strong>r,</strong></span> 
     </span>
     <span class='ocr_line' id='line_1_31' title="bbox 301 4692 1721 4783; baseline -0.005 -24"><span class='ocrx_word' id='word_1_260' title='bbox 301 4707 357 4766; x_wconf 87' lang='lat' dir='ltr'><strong>tur,</strong></span> <span class='ocrx_word' id='word_1_261' title='bbox 371 4695 564 4782; x_wconf 84' lang='lat' dir='ltr'><strong>Folquinusa</strong></span> <span class='ocrx_word' id='word_1_262' title='bbox 581 4720 647 4761; x_wconf 85' lang='lat' dir='ltr'><strong>vero</strong></span> <span class='ocrx_word' id='word_1_263' title='bbox 659 4697 772 4762; x_wconf 84' lang='lat' dir='ltr'><strong>calculo</strong></span> <span class='ocrx_word' id='word_1_264' title='bbox 782 4701 891 4783; x_wconf 83' lang='lat' dir='ltr'><strong>passim</strong></span> <span class='ocrx_word' id='word_1_265' title='bbox 903 4698 984 4760; x_wconf 81' lang='lat' dir='ltr'><strong>aber·</strong></span> <span class='ocrx_word' id='word_1_266' title='bbox 1041 4719 1107 4783; x_wconf 77' lang='lat' dir='ltr'><strong>pag.</strong></span> <span class='ocrx_word' id='word_1_267' title='bbox 1134 4717 1208 4783; x_wconf 71' lang='lat'>¹⁰93</span> <span class='ocrx_word' id='word_1_268' title='bbox 1234 4710 1264 4761; x_wconf 82' lang='lat' dir='ltr'><strong>et</strong></span> <span class='ocrx_word' id='word_1_269' title='bbox 1291 4697 1461 4760; x_wconf 74' lang='lat' dir='ltr'><strong>Bossandist.</strong></span> <span class='ocrx_word' id='word_1_270' title='bbox 1488 4697 1567 4780; x_wconf 81' lang='lat' dir='ltr'><strong>Sept</strong></span> <span class='ocrx_word' id='word_1_271' title='bbox 1588 4706 1658 4757; x_wconf 87' lang='lat' dir='ltr'><strong>tom.</strong></span> <span class='ocrx_word' id='word_1_272' title='bbox 1680 4692 1721 4762; x_wconf 90' lang='lat'><strong>11,</strong></span> 
     </span>
    </p>
   </div>
   <div class='ocr_carea' id='block_1_12' title="bbox 300 4798 1532 4958">
    <p class='ocr_par' dir='ltr' id='par_1_12' title="bbox 300 4798 1532 4958">
     <span class='ocr_line' id='line_1_32' title="bbox 300 4798 1236 4886; baseline 0.004 -28"><span class='ocrx_word' id='word_1_273' title='bbox 300 4799 380 4859; x_wconf 81' lang='lat' dir='ltr'><strong>ravit.</strong></span> <span class='ocrx_word' id='word_1_274' title='bbox 1041 4822 1107 4886; x_wconf 75' lang='lat' dir='ltr'><strong>pag.</strong></span> <span class='ocrx_word' id='word_1_275' title='bbox 1125 4801 1185 4884; x_wconf 82' lang='lat'><strong>587</strong></span> <span class='ocrx_word' id='word_1_276' title='bbox 1201 4798 1236 4862; x_wconf 79' lang='lat' dir='ltr'><strong>A.</strong></span> 
     </span>
     <span class='ocr_line' id='line_1_33' title="bbox 1513 4900 1532 4958; baseline 0 0"><span class='ocrx_word' id='word_1_277' title='bbox 1513 4900 1532 4958; x_wconf 83' lang='lat'>3</span> 
     </span>
    </p>
   </div>
   <div class='ocr_carea' id='block_1_13' title="bbox 0 0 2244 5842">
    <p class='ocr_par' dir='ltr' id='par_1_13' title="bbox 0 0 2244 5842">
     <span class='ocr_line' id='line_1_34' title="bbox 0 0 2244 5842; baseline 0 2"><span class='ocrx_word' id='word_1_278' title='bbox 0 0 2244 5842; x_wconf 95' lang='lat' dir='ltr'><strong> </strong></span> 
     </span>
    </p>
   </div>
  </div>
 </body>
</html>
