4478 5842
176 436 181 441 ’
280 457 356 532 au
627 457 1033 534 coxerunxmuu
1063 453 1346 532 uramusr,
1399 496 1402 504 -

282 599 381 697 poris
400 597 519 676 multa
542 602 680 677 mentis
702 600 840 677 inhesit
861 599 1062 691 industria,
1088 626 1200 705 quam
1228 596 1426 673 subsecuta
1452 612 1509 672 est
1528 613 1632 672 tanta
1657 598 1698 674 in

280 728 457 806 omnibus
477 759 549 833 que
565 730 697 837 agebat
711 730 905 807 efficacitas
919 748 955 806 et
968 729 1097 834 gratia,
1121 744 1164 803 ut
1176 726 1229 801 nil
1245 727 1284 801 in
1300 724 1461 832 propriis
1474 726 1534 803 vel
1547 724 1695 816 alienis,

281 858 331 932 nil
351 860 389 933 in
409 860 632 937 militaribus
654 861 711 936 vel
729 862 767 937 in
784 859 1033 967 regxrlaribuS‚
1051 857 1104 932 nil
1122 859 1160 937 in
1177 856 1422 967 popularibus
1436 857 1495 967 vel
1521 858 1697 973 ira-nego-

279 990 339 1064 tiis
368 989 639 1081 ecclesiasticis,
664 989 717 1065 nil
742 991 781 1064 in
801 991 981 1066 laieorum
1002 988 1146 1094 placitis
1166 989 1223 1063 vel
1246 989 1285 1063 in
1305 987 1527 1096 clericorum
1545 989 1697 1073 'sinodis

278 1137 403 1196 ortum
425 1138 480 1197 cst
500 1138 574 1197 tam
597 1122 785 1201 diversum
807 1138 958 1225 tamque
978 1114 1249 1211 inextricabile,
1271 1118 1375 1233 quod
1395 1148 1464 1196 suo
1489 1147 1566 1195 non
1588 1142 1698 1233 expe-

279 1249 375 1324 diret
401 1251 540 1355 juditio
567 1249 753 1356 perfacile.
781 1251 950 1365 Hineque
978 1249 1117 1327 laetum
1149 1266 1204 1326 est
1233 1265 1292 1340 ut,
1322 1248 1427 1355 quasi
1456 1247 1571 1335 tellus
1596 1248 1697 1337 aride

278 1379 655 1489 hiemalinsperitate,
674 1410 741 1484 per
756 1381 1083 1486 supervenientem
1098 1398 1240 1490 gratam
1256 1379 1351 1456 aeris
1370 1378 1609 1469 serenitatem
1628 1379 1702 1483 de«,

276 1525 387 1596 tersa,
404 1509 493 1585 solis
508 1509 707 1617 ignivomis
720 1511 918 1616 vaporibus
933 1527 1113 1619 vegetata,
1130 1509 1276 1586 virescit
1292 1526 1329 1585 et
1342 1510 1498 1597 virendo
1513 1502 1694 1597 florescit,

279 1655 314 1713 et
335 1639 506 1717 florendo
528 1640 757 1731 maturescit3
779 1640 830 1717 sic
852 1669 928 1717 non
950 1639 1074 1718 solum
1095 1640 1168 1718 hoc
1188 1639 1376 1729 Sitbieuse
1396 1639 1614 1728 cenobium,
1635 1668 1699 1747 ve·

279 1798 363 1844 rum
385 1770 494 1849 etiam
512 1771 673 1846 alierum
690 1770 771 1848 loca
788 1788 1016 1858 sanctorum,
1039 1772 1085 1847 ad
1101 1771 1253 1847 laudern
1271 1788 1309 1846 et
1326 1774 1512 1859 honorem
1530 1770 1697 1877 nominis

277 1900 431 1988 Christi,
449 1903 560 2009 hujus
575 1901 687 2006 patris
707 1900 896 1976 Lamberti
912 1901 992 2009 jugi
1009 1900 1175 1985 sollertia
1195 1903 1233 1976 in
1256 1902 1391 1983 melius
1412 1919 1567 1993 mutata,
1588 1903 1698 2008 proli-

278 2050 422 2121 cerem,
446 2033 565 2107 donec
582 2031 703 2107 fructu
722 2031 920 2139 multiplici
937 2049 1059 2107 sancte
1079 2032 1367 2119 exercitationis,
1389 2033 1526 2109 multas
1546 2026 1702 2110 Christo

278 2162 420 2238 animas
435 2160 706 2238 lucrifacerent.
724 2161 841 2238 Multa
864 2162 1023 2266 quippe,
1047 2191 1139 2267 que,
1165 2179 1444 2237 antecessorum
1468 2190 1625 2239 suorum
1645 2156 1701 2238 inss

280 2291 396 2378 curia,
421 2290 479 2368 vel
507 2291 627 2368 ablata
652 2292 709 2367 vel
738 2292 960 2396 pessundata
988 2308 1026 2366 et
1051 2292 1246 2395 depravata
1271 2289 1442 2380 fuerant,
1471 2320 1540 2367 suo
1565 2290 1696 2369 labore

281 2439 316 2497 et
339 2421 617 2511 benevolentia,
635 2421 789 2498 ecclesie
810 2439 898 2497 sunt
921 2421 1110 2510 restituta,
1140 2436 1306 2525 reparata
1327 2436 1363 2495 et
1384 2421 1593 2497 emendata.
1611 2423 1696 2514 Que

281 2570 410 2636 cuncta
426 2582 495 2633 suo
516 2554 554 2628 in
579 2552 663 2635 loco
686 2554 973 2633 conveniencius
996 2551 1192 2658 patebunt,
1219 2580 1305 2635 cum
1327 2551 1463 2657 scripto
1485 2555 1698 2658 apparuerit

280 2685 419 2790 quibus
436 2701 473 2760 et
496 2684 535 2760 in
555 2682 694 2790 quibus
718 2700 795 2763 eta
817 2684 956 2790 quibus
969 2684 1082 2790 hujus
1097 2682 1169 2765 loci
1189 2681 1417 2773 melioratio,
1440 2710 1700 2771 monacorum·

282 2844 355 2920 que
385 2813 585 2893 laudabilis
611 2815 821 2902 conversio,
849 2843 916 2919 per
945 2815 1140 2901 ordinem,
1164 2812 1259 2895 faeta
1279 2830 1345 2893 est.
1370 2811 1429 2893 Ah
1453 2814 1703 2900 exterioribus

284 2946 397 3051 igitur
422 2944 661 3049 incipientes,
691 2945 739 3020 ad
764 2945 942 3025 interiora
969 2925 1089 3049 nsque
1115 2945 1163 3023 ad
1191 2961 1338 3028 neruos
1361 2943 1651 3036 descendamus,
1677 2977 1699 3025 a

284 3074 423 3178 quibus
435 3074 574 3172 iterum
594 3089 786 3161 exeuntes,
805 3073 853 3149 ad
874 3074 1093 3178 corrigenda
1113 3073 1275 3151 aliorum
1301 3073 1428 3177 sepius
1448 3074 1624 3163 tenebis,
1647 3103 1704 3155 er·

285 3203 450 3310 peditius
471 3202 761 3308 proficiscamur.
782 3201 969 3309 Imprimis
996 3204 1109 3310 igitur
1134 3220 1319 3285 cenerum
1345 3204 1698 3310 exemptumque,

285 3337 541 3417 Romanorum
569 3333 791 3438 pontificum
815 3333 1048 3421 auctoritate,
1077 3331 1144 3411 illo
1167 3350 1316 3440 agente,
1342 3332 1392 3418 de
1417 3332 1588 3418 libertate
1618 3362 1702 3417 om·

287 3466 394 3545 nium
409 3465 650 3556 ecelesiarum
667 3481 881 3551 nostrarum
891 3463 1112 3549 confirmate
1125 3479 1227 3552 sunt,
1240 3491 1447 3570 penanuu,
1458 3465 1604 3571 aliaque
1620 3466 1705 3548 ulia·

287 3627 370 3681 rum
393 3624 655 3704 menarum.
680 3598 773 3700 quas
792 3595 839 3675 de
860 3594 1017 3673 diversis
1035 3594 1191 3678 ecclesie
1211 3594 1438 3679 utilitatibus
1454 3595 1634 3702 muneri
1650 3583 1705 3674 fe-

289 3744 406 3818 cerat,
418 3743 549 3833 posteo¹
561 3723 795 3813 subscribere
814 3726 1042 3805 studeamus.

939 3982 1059 4059 VIII.

346 4185 501 4227 exstruunt
522 4185 615 4227 GAR'I'!
639 4183 749 4227 nunniti
771 4183 843 4225 Perit
866 4183 1007 4237 saeuum,
1027 4184 1065 4231 1>ss
1088 4184 1246 4227 tuemur!
1268 4185 1420 4229 MARIUH
1442 4184 1617 4230 NOSTRORII!
1630 4167 1648 4229 Ι.

48 4388 83 4445 23
97 4400 175 4446 mut.
192 4390 272 4462 1093.
348 4363 564 4492 «Urbanus,
586 4363 802 4470 episcopus,
825 4390 952 4447 servus
974 4391 1172 4447 servorum
1202 4364 1289 4453 Dei,
1319 4364 1458 4453 dilecte
1491 4364 1575 4454 filiu
1597 4369 1710 4453 lum-

290 4495 418 4582 bum,
433 4492 559 4575 abbati
570 4494 789 4577 monasterii
805 4493 1031 4579 confessoris
1047 4493 1190 4580 Christ
1207 4492 1373 4588 Bomoi,
1388 4496 1545 4602 ejusque
1565 4524 1714 4585 meuse„

291 4624 440 4709 sorihus
463 4623 684 4732 regulariter
709 4624 984 4707 substituendis
1003 4618 1298 4746 imperpetuum..
1326 4624 1391 4707 Pie
1414 4627 1619 4732 pouutat'u
1644 4656 1714 4711 vo*

336 4791 482 4876 ”W
500 4813 517 4857 ⁸
532 4789 643 4860 llimi·
658 4786 858 4872 opaeum,
871 4801 941 4855 tom.
956 4787 1014 4858 ut.
1026 4809 1092 4872 pap
1109 4808 1160 4853 ot.
