4478 5842
316 479 391 551 222
612 522 616 531 -
654 474 1388 553 flHARTUtARlUMSITfflENsE:

316 616 471 693 cialibus
484 617 687 722 episcopis,
703 647 804 694 anno
820 617 936 695 Verbi
955 618 1357 721 incarnati-millesimo
1374 622 1584 699 centesimo
1592 640 1731 741 quartp

317 744 482 837 decimo,
503 747 892 852 nonisseptembris²3
913 749 1152 852 presentibus
1162 776 1317 854 quoque
1333 748 1548 842 abbatibus,
1571 778 1656 828 cum
1671 776 1733 828 ce·'

315 876 415 952 teris·
431 878 669 954 ecclesiarum
699 877 858 983 prelatis·
874 878 1068 966 omnibus,
1101 879 1225 955 eidem
1253 881 1481 957 anathemati
1503 880 1734 958 unanimiter

317 1022 508 1086 assensum
528 1007 815 1113 prebentibus.»

987 1233 1061 1307 xl.

379 1443 529 1485 mamers
553 1442 711 1485 rnnrcscu
734 1428 855 1483 οοιιιιιιιΙ
874 1438 998 1484 aosmrr
1021 1442 1173 1492 ronroms,
1196 1440 1236 1484 nn
1257 1442 1424 1487 mamm.
1437 1445 1669 1490 nocasmnonmr

848 1545 1028 1587 nosmonou·
1043 1547 1080 1586 m
1100 1542 1200 1588 annas

373 1743 442 1817 «ln
459 1742 615 1833 nomine
634 1741 750 1823 Patris
770 1760 808 1818 et
825 1742 910 1819 Filii
931 1759 969 1819 et
989 1742 1151 1847 Spiritus
1171 1744 1309 1823 Sancti.
1334 1744 1412 1851 Ego
1431 1742 1632 1841 Robertus,
1658 1747 1729 1823 Dei

315 1871 448 1975 gratia,
464 1870 750 1951 Flandrensium
760 1898 896 1962 comes,
908 1870 1223 1975 possessionibus,
1237 1889 1452 1979 sanctorum
1465 1873 1733 1952 nihilomnino

314 2000 443 2077 volens
469 1999 632 2091 auferre,
653 1999 712 2076 vel
736 2001 775 2075 in
796 1998 922 2106 aliquo
948 2000 1177 2088 diminuere,
1202 2000 1405 2078 inclinatus
1428 2002 1601 2107 precibus
1622 2005 1733 2093 Lam-

200 2224 203 2229 ,
315 2129 429 2216 berti,
450 2128 592 2205 abbatis
610 2129 725 2204 sancti
749 2128 894 2207 Bertini
923 2158 965 2205 ac
987 2127 1143 2209 fratrum
1168 2128 1312 2213 ibidem
1338 2129 1420 2205 Deo
1443 2129 1732 2230 spinulantium,

315 2257 488 2334 videlicet
514 2286 583 2365 pro
611 2256 781 2335 remedio
808 2257 932 2333 anime
959 2283 1044 2332 mee
1072 2273 1182 2362 atque
1209 2257 1378 2362 conjugis
1406 2285 1475 2335 seu
1500 2258 1731 2348 liberorum,
1771 2290 1775 2296 ·

316 2388 496 2478 concessi,
519 2404 557 2462 et
575 2386 757 2493 presentis
777 2384 909 2492 pagine
930 2384 1351 2479 attestationefirmavi,
1372 2403 1431 2481 ut,
1452 2388 1540 2493 quia
1558 2387 1733 2479 nilla-At·

315 2517 396 2605 kas,
412 2502 492 2623 que·
501 2532 557 2593 est
575 2544 694 2593 unum
712 2545 755 2593 ex
770 2514 1039 2622 principalibus
1054 2514 1233 2593 membris
1247 2515 1537 2620 predictisancti
1548 2518 1622 2609 „nd
1638 2519 1730 2595 coti-

249 2676 254 2685 ·
316 2645 471 2723 dianum
484 2647 622 2722 victum
637 2645 813 2734 fratrum,
826 2673 912 2722 cum
928 2643 1156 2722 molendinis
1166 2644 1259 2733 suis,
1274 2645 1453 2750 pertinet,
1465 2674 1618 2724 omnem
1629 2645 1732 2723 mul·

315 2792 437 2850 turam
465 2804 577 2880 quam
599 2775 778 2850 hactenus
802 2773 1018 2850 habuerunt
1045 2774 1171 2879 quiete
1197 2773 1373 2880 deinceps
1401 2793 1439 2852 et
1460 2776 1539 2852 sine
1561 2775 1731 2852 molestia
1784 2862 1791 2869 ,

315 2901 482 3007 qualibet
509 2901 672 2978 habeant
692 2919 729 2978 et
750 2901 968 3006 possideant
988 2932 996 2975 ε
1019 2902 1058 2977 in
1075 2918 1225 2978 tantum
1242 2901 1431 3011 uidelicet,
1454 2921 1513 2993 ut,
1530 2934 1549 2980 a
1566 2905 1731 3010 predicta

315 3027 401 3105 villa
428 3030 541 3107 Arkas
565 3059 684 3134 usque
713 3029 885 3137 Broburg
913 3047 1023 3135 atque
1050 3020 1186 3121 Lodic,
1215 3028 1320 3109 nulla
1344 3034 1501 3110 omnino
1530 3033 1601 3109 alia
1635 3034 1732 3112 niol-

314 3158 467 3233 lendina
485 3156 681 3247 intersint;
700 3157 881 3263 quoniam
901 3186 1042 3264 equum
1062 3176 1101 3234 et
1118 3159 1209 3235 Deo·
1221 3177 1413 3265 acceptum
1430 3159 1511 3236 fore
1526 3161 1731 3245 credimus,

201 3286 204 3293 ’
313 3304 357 3362 ut
382 3315 605 3393 unaqueque
626 3286 780 3363 ecclesia
800 3285 975 3363 omnibus
995 3315 1068 3394 que
1089 3288 1146 3364 sui
1162 3288 1258 3393 juris
1282 3289 1427 3363 suntin
1447 3316 1536 3392 pace
1557 3289 1729 3393 gaudeat.
1743 3290 1762 3315 '

201 3468 203 3473 -
314 3417 422 3494 Facta
442 3434 498 3493 est
517 3433 644 3508 autem
662 3416 733 3494 hec
748 3415 1001 3505 confirmatio,
1018 3444 1119 3493 anno
1130 3414 1455 3493 ahinoematione
1472 3415 1626 3492 Domini
1645 3444 1732 3494 nos·

314 3547 362 3623 tri
388 3546 641 3626 lesuChristi
667 3545 870 3625 millesimo
894 3547 1111 3629 centesimo·
1126 3544 1312 3633 seeundo,
1338 3545 1728 3636 indictionedscima,

314 3674 406 3753 feria
415 3692 535 3764 serta,
550 3674 691 3753 invilla
709 3674 869 3752 Hislensi
879 3736 897 3765 ,.
907 3675 965 3751 his
977 3671 1561 3778 presentibusquorumnomina
1574 3693 1613 3751 et
1626 3674 1735 3783 signa-¹

317 3806 486 3887 annotari
503 3805 656 3911 placuit.

484 4011 629 4095 «Signum
651 4012 796 4084 Rosanrr,
818 4013 941 4073 comitis
965 3992 1089 4095 Signirm
1110 4014 1257 4084 llosmrr,
1280 3970 1418 4076 advocati
1440 4015 1565 4100 Signum
1584 4017 1729 4083 Rosmrr,

440 4142 442 4149 ·
526 4115 680 4178 antellami
702 4112 828 4197 Signum
851 4112 978 4185 noem,
1003 4090 1320 4199 castellani.⁸Slgnum
1326 4116 1486 4178 Eversum.
1508 4116 1633 4201 Signum
1655 4118 1732 4179 F'sn·

458 4260 461 4271 ·
527 4237 631 4287 norun
647 4217 784 4280 insulan.
800 4215 927 4301 Signum
936 4219 1099 4280 &custus
1113 4217 1267 4300 delprss
1279 4216 1412 4299 Signum
1419 4218 1580 4289 Ermum,
1594 4218 1736 4302 preporifi

419 4300 430 4323 '
526 4320 692 4401 Brugensis.
715 4320 850 4403 Signum
860 4299 1023 4391 Generi,
1043 4319 1235 4387 canoellsriix
1246 4321 1388 4390 Rrrsnsr,
1409 4319 1587 4403 cappellam.
1605 4321 1732 4453 Sgnum
1817 4362 1830 4381 .

529 4422 676 4491 llosrnrr,
695 4425 841 4493 canonici,
862 4423 983 4508 aliisque
1000 4422 1265 4506 quampluribus
1239 4423 1339 4482 viris.

360 4632 366 4662 ¹
386 4632 474 4694 Aliter
484 4633 562 4715 apud
579 4632 720 4695 Martenn.
734 4634 805 4695 Aac.
821 4655 944 4699 norim.
965 4635 1107 4697 indictione
1116 4647 1228 4705 oetam,
1245 4655 1293 4696 nn
1307 4656 1387 4695 roam
1402 4637 1526 4718 septemb.
