4478 5842
524 484 597 550 200
863 479 1280 553 CHARTULARIUM
1314 479 1596 568 sttflltttvsn.

524 621 636 726 hujus
647 620 733 695 ville
750 620 873 695 divine
889 619 1045 697 ultionis
1060 637 1136 696 tarn
1152 621 1271 728 gravis
1286 621 1573 708 animadversio,
1589 637 1650 706 ut,
1668 648 1800 697 eorum
1810 649 1939 725 pecca-

523 752 569 826 tis
590 749 840 857 exigentibus,
855 779 951 855 pene
968 751 1140 826 omnium
1153 778 1238 827 sevo
1259 751 1436 827 incendio
1450 768 1735 829 consumeretur
1749 750 1939 826 cohabita-

524 882 588 956 tio.
603 882 661 967 Et,
679 880 764 985 quia
777 880 816 954 in
832 910 918 987 agro
931 881 1122 958 dominico
1136 881 1272 956 zizania
1284 880 1470 957 malorum
1485 909 1661 987 operum,
1676 881 1939 957 invidiabostis

523 1011 676 1089 humani
694 1011 857 1117 generis,
880 1011 1117 1115 torpentibus
1133 1041 1153 1085 a
1170 1011 1353 1114 spirituali
1371 1012 1544 1089 exercitio
1560 1013 1792 1097 custodibus,
1811 1038 1937 1115 super·

522 1141 715 1226 seminata,
741 1138 832 1215 falce
853 1140 981 1234 divine
993 1140 1196 1216 severitatis
1217 1140 1392 1232 secanda,
1414 1159 1452 1217 et
1466 1141 1552 1248 igne
1572 1141 1732 1246 superne
1752 1140 1937 1214 examina-

522 1271 635 1346 tionis
653 1270 801 1346 luerant
817 1271 1087 1356 consumenda,
1102 1270 1199 1375 ignis
1214 1271 1246 1345 vi
1265 1288 1501 1376 peccatorum
1517 1289 1734 1348 nostrorum
1746 1268 1936 1373 appulsus,

523 1428 676 1478 omnem
695 1401 821 1477 locum
843 1400 956 1476 istum
981 1401 1203 1481 enormitate
1224 1402 1281 1476 sui
1303 1401 1572 1492 circumvallat,
1603 1419 1640 1477 et
1661 1400 1767 1477 obvia
1786 1426 1937 1503 queque

522 1531 679 1633 peredit.
697 1533 759 1617 Et,
773 1530 950 1634 quoniam
968 1529 1091 1603 adhuc
1106 1528 1310 1604 arundinea
1325 1546 1484 1616 tectura,
1499 1531 1538 1605 in
1554 1530 1662 1637 ignea
1674 1529 1781 1605 lacile
1794 1528 1834 1602 in
1845 1528 1940 1604 cine·

524 1687 583 1737 res
602 1659 825 1766 redigenda,
844 1688 927 1762 pars
943 1686 1036 1734 nove
1052 1657 1203 1734 basilice
1218 1657 1427 1764 tegebatur,
1444 1687 1487 1735 ea
1507 1676 1653 1763 arrepta
1668 1658 1714 1735 ab
1731 1658 1940 1765 ignescunt

524 1790 686 1895 subjecta
700 1789 888 1896 lignorum
901 1789 1072 1875 materie,
1087 1805 1220 1864 etcum
1232 1817 1349 1893 prope
1366 1805 1484 1865 stante
1495 1790 1611 1865 ardua
1623 1807 1742 1878 turre,
1758 1818 1845 1863 cum
1859 1816 1941 1865 om-

524 1917 634 1996 nibus
653 1919 908 2024 adjacentibus
929 1917 1164 1995 officinarum
1187 1918 1339 2008 edibus,
1362 1920 1631 1996 monasterium
1651 1920 1938 2023 quoquesancti

524 2049 641 2141 Petri,
659 2077 679 2122 a
697 2049 900 2123 venerabili
919 2049 995 2125 viro
1019 2048 1201 2153 Alquero,
1225 2049 1339 2153 hujus
1357 2049 1431 2126 loci
1450 2078 1628 2134 monaco,
1647 2079 1665 2124 a
1687 2048 1940 2127 lundunentis

525 2179 733 2281 inceptum,
754 2194 917 2281 tuncque
938 2177 1082 2262 noviter
1095 2196 1415 2268 consummatum,
1434 2180 1544 2286 igneo
1559 2206 1691 2283 vapore
1707 2162 1908 2281 liquantur.

1160 2489 1310 2563 XXVI.

583 2702 685 2794 Quid
711 2701 854 2776 multa?
878 2703 970 2777 Tam
999 2701 1116 2807 gravis
1144 2700 1337 2777 infortunii
1364 2700 1607 2777 incommodo
1634 2699 1941 2777 amabihs'abbas
2036 2777 2039 2780 ,
2166 2802 2187 2827 ι

526 2833 714 2908 lohannes
734 2849 921 2916 attractus,
943 2831 1030 2935 quia
1049 2860 1195 2907 summa
1210 2833 1324 2938 hujus
1346 2833 1477 2908 excidii
1499 2833 1580 2939 ejus
1595 2832 1713 2909 labori
1733 2848 1771 2906 et
1790 2832 1940 2908 ordine⁴

527 2961 620 3037 tioni
645 2960 881 3046 incubuerat,
910 2961 955 3034 de
984 2959 1261 3037 reedificatione
1280 2979 1435 3038 tractare
1466 2991 1542 3038 non
1567 2963 1723 3040 distulit.
1749 2962 1941 3037 Fratribus

527 3089 675 3165 interim
702 3089 787 3163 divo
808 3088 998 3193 expositis,
1025 3106 1155 3192 utpote
1181 3107 1285 3166 tanto
1304 3091 1465 3167 claustro
1487 3094 1636 3180 aduste,
1657 3110 1758 3167 totus
1781 3092 1821 3166 in
1847 3120 1940 3195 opus

525 3246 705 3296 manuum
734 3218 950 3325 accingitur,
974 3217 1173 3322 multoque
1205 3219 1334 3295 labore
1364 3221 1542 3325 omnique
1571 3222 1788 3308 conamine,
1819 3221 1941 3295 bonus
2046 3229 2048 3236 '

526 3347 663 3442 Christi
692 3347 969 3428 mercennarius
989 3348 1028 3423 in
1052 3348 1313 3424 reedificandis
1340 3348 1487 3425 cenobii
1514 3347 1726 3425 domatibus
1755 3348 1938 3423 innititur.

526 3476 705 3583 Adeoque
721 3508 787 3583 per
809 3479 972 3554 divinam
988 3477 1225 3556 clementiam
1247 3480 1434 3556 secundus
1461 3480 1636 3556 successit
1655 3507 1812 3583 operum
1834 3477 1943 3553 ellec-

527 3624 612 3696 tus,
626 3625 668 3684 ut
683 3608 722 3683 in
744 3607 846 3686 brevi
862 3637 1087 3716 quecunque
1103 3638 1214 3686 vorax
1233 3610 1400 3700 flamma,
1422 3610 1556 3715 partim
1578 3638 1621 3686 ex
1645 3625 1766 3714 parte,
1788 3624 1941 3713 totaque

530 3754 674 3829 ertoto
688 3755 905 3826 vastaverat,
921 3741 959 3813 in
980 3740 1198 3842 pristinum,
1219 3740 1277 3815 vel
1297 3740 1423 3841 potius
1442 3741 1481 3812 in
1499 3740 1686 3842 potiorem
1704 3761 1826 3842 quam.
1839 3739 1943 3848 prius

530 3865 692 3959 fuerant,
718 3868 929 3943 restitueret
951 3867 1127 3947 decorem
1154 3884 1192 3943 et
1216 3884 1365 3945 statum.
1390 3868 1606 3954 Enimvero,
1631 3867 1809 3973 quoniam
1835 3867 1955 3944 refer-⁹

530 3996 625 4071 toria
642 3995 793 4082 domus,
814 3996 1010 4103 tociusque
1026 3994 1190 4073 confinia
1211 3995 1358 4072 claustri
1377 3997 1473 4103 ignis
1491 3998 1800 4102 pessundederat,
1819 4015 1945 4074 utrun-

530 4155 604 4232 que
624 4155 668 4202 ex
685 4126 831 4233 integro
855 4155 1048 4231 reparans,
1069 4126 1272 4203 claustrum
1293 4125 1466 4233 quidem,
1486 4155 1700 4232 quenquam
1717 4126 1944 4231 sumptuosis

532 4256 713 4359 expensis,
727 4257 820 4330 mira
833 4273 910 4331 arte
926 4256 1127 4360 sculptoria
1149 4257 1351 4344 decoravit;
1369 4273 1564 4361 ceteraque
1583 4257 1709 4332 omnia
1724 4284 1767 4331 ex
1784 4255 1943 4331 maxima

529 4403 632 4489 parte
646 4386 874 4474 sublimavit,
888 4385 1089 4491 ampliavit,
1104 4405 1142 4462 et
1153 4404 1337 4464 tectorum
1346 4387 1592 4476 culminibus,
1607 4387 1688 4463 Deo
1700 4386 1848 4493 gratias,
1862 4414 1944 4462 con-

530 4516 738 4591 summavit.
760 4516 825 4591 His
844 4516 893 4590 ita
914 4516 1061 4592 ellectui
1080 4545 1294 4623 quanquam
1315 4518 1401 4592 satis
1421 4514 1605 4592 laboriose
1625 4516 1859 4621 mancipatis,
1883 4544 1944 4591 ex-

528 4642 666 4720 teriora
688 4643 955 4720 nichilominus
973 4675 1063 4751 que,
1086 4647 1326 4751 antiquorum
1347 4646 1582 4722 institutione
1605 4645 1794 4733 ordinata,
1818 4645 1944 4720 minus

530 4775 662 4869 domui
677 4775 747 4853 Dei
768 4773 1000 4881 profuerant,
1019 4776 1203 4883 corrigere
1221 4776 1375 4866 curavit3
1393 4794 1432 4852 et
1449 4792 1628 4862 correcta,
1645 4802 1692 4852 ne
1711 4775 1844 4853 iterato
1860 4802 1937 4879 pra·
