4478 5842
527 467 595 536 no
870 467 1277 541 cunarunnnun
1304 467 1587 559 siruunsn.

515 608 643 712 perius
664 609 876 685 nominatas
896 610 976 686 sine
993 639 1109 687 censu
1128 609 1186 685 vel
1207 592 1382 715 quolibet
1404 628 1596 714 respectu3
1618 609 1669 685 ita
1693 598 1860 712 piedicta
1882 638 1941 686 ec-

515 737 627 816 clesia
647 741 763 815 sancti
777 741 928 827 Bertini
943 741 1134 846 possideat
1148 741 1277 817 altaria
1299 742 1379 816 sine
1402 757 1575 845 respectu
1596 757 1708 847 atque
1721 738 1883 830 circada,
1903 758 1941 817 et

516 898 536 942 a
560 889 782 972 personatus
806 873 995 949 exactione
1021 872 1078 948 vel
1101 871 1220 947 libera
1243 872 1430 977 positione
1457 872 1624 949 omnino.

575 1003 680 1110 «Ego
695 1004 920 1092 Balomos,
941 1003 1024 1079 Deo
1046 1003 1230 1092 donante,
1249 1002 1464 1107 episcopus,
1488 1003 1585 1080 hanc
1605 1002 1940 1079 commutationem

517 1129 586 1206 leci
618 1149 655 1206 et
685 1131 836 1236 propria
861 1161 978 1208 manu
1004 1132 1161 1208 firmavi.
1194 1131 1317 1239 Hujus
1347 1133 1402 1209 rei
1431 1149 1545 1209 testes
1568 1148 1658 1208 sunt
1678 1148 1736 1210 tot
1763 1149 1801 1209 et
1829 1133 1939 1223 tanti,

516 1280 611 1368 quot
630 1280 668 1338 et
687 1263 817 1369 quanti
838 1263 877 1338 in
899 1281 1026 1340 nostra
1043 1280 1134 1339 tunc
1148 1261 1307 1339 luerunt
1327 1262 1484 1354 sinodo,
1513 1264 1560 1340 de
1583 1262 1723 1369 quihus
1738 1291 1855 1369 pauca
1872 1291 1942 1367 ηο-ι

517 1392 619 1468 mina
642 1376 944 1499 subscripsimus.

687 1577 834 1659 asignum
855 1577 1006 1645 Hortari,
1030 1577 1236 1638 archidiaconi.
1256 1576 1384 1660 Signum
1404 1577 1565 1646 lonanrus,
1588 1577 1793 1640 archidiaconi.
1817 1570 1941 1661 Signum

727 1682 818 1762 ipsius
846 1681 1008 1746 Ronanus,
1037 1679 1157 1741 abbatis.
1183 1679 1310 1760 Signum
1337 1679 1501 1750 Genuam,
1531 1679 1645 1740 abbatis
1673 1683 1766 1741 sancti
1789 1681 1942 1742 Winnoci.

732 1783 858 1863 Signum
882 1781 1025 1849 harnun,
1052 1781 1164 1843 abbatis
1191 1783 1285 1842 sancti
1310 1781 1453 1843 vulmari.
1483 1782 1608 1865 Signum
1636 1784 1792 1851 Rnuonnt,
1813 1784 1942 1866 monaci.

729 1886 855 1967 Signum
874 1886 1007 1951 hanani,
1037 1884 1162 1943 monaci.
1186 1870 1312 1965 Signum
1337 1883 1542 1969 §lannononrm
1567 1886 1707 1947 advocati.
1735 1883 1861 1969 Signum
1879 1870 1942 1947 En·

730 2008 834 2057 nourr,
855 1987 993 2048 advocati.
1430 1970 1433 1977 ¹

576 2149 692 2226 «Acta
712 2164 800 2224 sunt
823 2149 891 2223 hec
912 2148 951 2221 in
970 2147 1122 2225 basilica
1132 2164 1266 2224 «sancte
1287 2149 1360 2224 Dei
1373 2147 1564 2256 genitricis
1579 2148 1941 2239 Marie,Taruanne‚

518 2308 617 2357 anno
652 2279 842 2356 dominice
873 2278 1139 2356 incarnationis
1167 2277 1370 2354 millesimo
1398 2279 1578 2385 vigesimo
1612 2296 1730 2370 sexto,
1763 2294 1943 2383 regnante

496 2413 748 2493 .Francorum
772 2440 859 2518 rege
882 2410 1065 2499 Robert0‚
1085 2409 1273 2487 Balduino
1292 2438 1380 2486 vero
1402 2410 1704 2486 marchionatum
1729 2426 1861 2517 agente
1876 2409 1944 2486 tri·

495 2528 500 2539 ’
519 2543 777 2635 cesimonono
787 2549 810 2620 ¹.
828 2544 905 2618 Hec
915 2543 1043 2648 itaque
1054 2543 1104 2618 ita
1113 2558 1192 2618 acta
1208 2558 1246 2618 et
1260 2542 1492 2630 confirmata,
1506 2541 1725 2648 quicunque
1737 2540 1943 2647 aliquando
2066 2548 2071 2557 '

519 2674 748 2751 adnichilare
763 2673 822 2751 rel
843 2673 1046 2783 infringere
1062 2701 1175 2750 ausus
1191 2672 1323 2762 fuerit,
1340 2673 1388 2748 sit
1408 2673 1447 2748 in
1464 2673 1627 2750 adventu
1641 2672 1711 2749 Dei
1727 2671 1942 2762 anathema,

520 2803 751 2892 maranatha,
770 2803 841 2877 nisi
858 2804 971 2909 digna
987 2803 1194 2908 penitentia
1212 2803 1424 2907 resipuerit.
1441 2840 1454 2869 ι

1139 3048 1327 3144 [ῊΙΙΡ.

559 3239 711 3279 exultem
734 3239 825 3281 CARTE
847 3236 982 3292 Qumon
1007 3239 1157 3282 hartmot!
1178 3241 1377 3283 ronnacensts
1398 3241 1540 3289 ntocmts,
1562 3241 1689 3281 sctum
1714 3241 1917 3288 nminem,

925 3342 1106 3392 nrttntteeu.
1129 3344 1293 3386 vestatum
1317 3344 1350 3383 ΕΤ
1373 3342 1540 3383 ΒΟΚΔδΗΕΜ.

302 3530 377 3584 eirca
396 3532 474 3585 1026.
577 3504 645 3580 «ln
671 3504 826 3580 nomine
856 3519 980 3580 sancte
1011 3521 1049 3581 et
1074 3503 1269 3580 individue
1299 3501 1511 3591 Trinitatis,
1539 3501 1788 3593 Harduinus⁵,
1822 3500 1946 3577 divina

519 3635 760 3738 permittente
792 3635 925 3743 gratia,
955 3634 1203 3711 Tornacensis
1236 3633 1391 3709 civitatis
1419 3633 1634 3739 episcopus,
1657 3632 1835 3708 omnihus
1863 3631 1946 3708 Deo

519 3767 768 3844 servientibus
787 3783 917 3843 eterne
937 3764 1124 3841 felicitatis
1149 3791 1300 3842 munus.
1324 3763 1569 3841 Notisrcamus
1591 3790 1744 3870 quoque
1767 3760 1948 3839 fidelihus

519 3915 595 3973 tam
615 3896 854 4004 presentibus
868 3926 982 4004 quarn
1004 3895 1155 3985 suturis,
1177 3895 1284 4002 quod
1300 3894 1522 3973 venerahilis
1538 3893 1653 3971 abbas
1675 3893 1884 3970 Rodericus
1903 3921 1947 3969 ex

519 4028 665 4106 famoso
688 4029 847 4105 cenobio
878 4025 1078 4118 Sithiensi‚
1101 4055 1188 4102 cum
1218 4023 1411 4102 communi
1431 4022 1589 4101 fratrum
1615 4030 1681 4100 sue
1705 4022 1947 4131 subjectionis

522 4161 695 4253 consilio,
722 4161 761 4237 id
791 4189 811 4236 a
835 4188 897 4236 me
920 4188 988 4236 suo
1011 4158 1096 4235 loco
1121 4157 1334 4264 expetierit,
1358 4156 1535 4264 quatinus
1559 4154 1686 4231 altaria
1713 4183 1787 4262 que
1819 4169 1945 4232 nostre

485 4296 491 4311 ‘
523 4288 680 4367 diocesis
696 4291 896 4380 habentur,
915 4288 1057 4366 scilicet
1074 4288 1333 4396 Hettingeem‚
1357 4285 1597 4394 Adlingeem,
1616 4285 1849 4375 Westlrerlra,
1870 4286 1946 4363 Ro-

520 4417 691 4510 kashem,
724 4448 792 4526 per
824 4449 938 4498 omne
971 4420 1086 4528 hujus
1112 4421 1185 4497 vite
1218 4421 1380 4527 spatium
1413 4448 1497 4495 mea
1531 4417 1751 4495 auctoritate
1783 4415 1965 4525 sinodali

565 4608 573 4638 ¹
597 4611 700 4673 Annua
721 4616 760 4699 39
780 4615 918 4676 Balduini
940 4615 1072 4687 Barbati,
1093 4616 1208 4679 comitis
1307 4613 1416 4675 ⁵ldem
1434 4632 1504 4672 sane
1520 4612 1586 4693 qui,
1603 4612 1634 4672 in
1647 4611 1819 4695 precedenti
1834 4610 1948 4680 charta,
1993 4642 1997 4649 ¹

524 4713 680 4785 Flandriae‚
694 4717 797 4778 incidit
807 4720 837 4777 in
849 4740 875 4778 a.
888 4717 994 4778 Christi
1012 4721 1100 4781 1128.
1264 4715 1426 4777 Balduinus
1443 4725 1641 4797 nuncupatur.
1871 4706 1874 4713 ¹

569 4815 580 4847 ¹
601 4819 634 4879 ln
647 4820 717 4882 Cod.
731 4820 765 4880 X.
1369 4828 1373 4841 '
