4388 5850
418 499 538 573 PARS
565 498 764 572 TERTIA.
783 540 834 553 —
852 496 1285 572 CONTINUATORES
1312 501 1533 576 SIMONIS.
1614 506 1686 575 557

284 638 432 716 soribus
450 638 698 716 formidanda.
719 638 839 715 David
854 666 1010 743 nempe,
1031 638 1189 743 predicti
1210 638 1349 715 Nicolai
1366 640 1496 715 militis
1515 658 1630 746 pater,
1653 658 1690 717 et

283 767 395 845 abbas
413 786 504 844 tunc
519 769 701 873 temporis
717 768 764 844 de
787 768 897 846 Claro
918 768 1093 860 Marisco‚
1117 767 1253 845 comite
1269 768 1510 874 permittente
1532 787 1569 846 et
1588 797 1693 875 sepe-

284 897 383 975 dicto
407 900 597 1005 preposito
619 898 890 1004 patrocinante,
918 896 1073 974 molitus
1096 916 1152 974 est
1180 899 1219 972 in
1244 897 1330 973 villa
1356 917 1482 977 nostra
1511 900 1558 976 de
1578 900 1692 978 Arles

284 1055 351 1132 per
368 1047 506 1106 terram
531 1047 693 1106 nostram
714 1027 846 1106 fossata
870 1046 908 1103 et
931 1055 1112 1132 aquarum
1137 1028 1345 1104 conductus
1365 1026 1501 1117 lacere3
1528 1044 1578 1118 et,
1606 1059 1691 1105 cum

285 1156 330 1233 ab
345 1158 476 1236 abbate
491 1179 529 1236 et
543 1160 707 1236 monacis
721 1160 857 1235 nostris
872 1158 1199 1246 contradiceretur,
1215 1175 1429 1266 arroganter
1444 1159 1693 1234 comminatus

285 1304 341 1361 est
367 1289 471 1393 quod
490 1290 537 1366 ab
559 1290 708 1393 incepto
738 1316 850 1394 opere
873 1315 1107 1393 nequaquam
1132 1286 1345 1377 desisteret,
1373 1288 1494 1364 donec
1520 1287 1617 1364 illud
1647 1288 1694 1363 ad

286 1414 417 1504 finem,
440 1419 648 1494 secundum
664 1447 771 1494 snam
791 1417 1037 1504 voluntatem,
1056 1418 1272 1493 deduceret.
1289 1419 1446 1508 Verum,
1470 1434 1572 1493 tante
1595 1445 1695 1493 arro-

285 1545 409 1649 gantie
431 1563 468 1621 et
485 1545 777 1651 presumptionis
795 1546 1009 1649 impatiens,
1035 1544 1149 1634 ultio,
1178 1563 1222 1621 ut
1241 1544 1422 1633 creditur,
1450 1546 1573 1622 divina
1593 1546 1694 1621 haud

286 1671 398 1778 longe
412 1691 498 1778 post
512 1673 709 1750 subsecuta
722 1691 788 1749 est.
806 1676 914 1763 Nam,
932 1674 1104 1779 sequenti
1121 1674 1199 1761 die,
1214 1674 1426 1779 predictum
1443 1703 1538 1779 opus
1557 1676 1698 1780 ingres-

287 1830 365 1891 sus,
379 1828 448 1905 pro
459 1801 569 1878 libitu
580 1829 648 1879 suo
659 1804 849 1908 operarios
860 1802 907 1877 de
921 1802 1110 1879 conductu
1120 1802 1290 1879 lacieudo
1303 1805 1497 1893 docturus,
1511 1804 1550 1878 in
1562 1804 1698 1879 eodem

288 1929 388 2019 loco,
419 1958 517 2034 equo
542 1931 611 2006 sub
640 1961 684 2007 eo
711 1932 938 2021 calcitrante,
967 1930 1073 2006 humi
1099 1948 1305 2033 prostratus
1332 1950 1404 2018 est;
1436 1932 1698 2037 confractoque

289 2087 413 2148 crure,
430 2060 496 2165 qui
509 2087 620 2136 sanus
636 2058 726 2135 illuc
738 2060 953 2146 advenerat,
970 2059 1128 2134 domum
1139 2059 1178 2133 in
1192 2058 1321 2134 lectica
1342 2077 1396 2134 est
1411 2078 1634 2164 reportatus,
1652 2061 1698 2137 ab

290 2189 478 2264 invasione
501 2204 599 2264 terre
619 2204 743 2265 nostre
765 2188 962 2292 deinceps,
980 2187 1062 2265 Deo
1081 2188 1230 2293 gratias,
1251 2187 1449 2276 desistens,
1471 2206 1508 2262 et
1531 2190 1699 2265 terribile

291 2335 328 2392 et
342 2315 624 2395 formidandum
643 2317 874 2394 invasoribus
889 2333 986 2393 terre
1005 2334 1217 2393 sanctorum
1235 2317 1449 2422 exemplum
1469 2316 1697 2423 relinquens.

293 2448 387 2536 Hoc,
416 2448 446 2523 si
471 2446 626 2553 quidem
652 2448 795 2527 meritis
815 2465 1028 2523 sanctorum
1047 2424 1200 2554 jure'sit
1221 2447 1531 2533 adscribendum,
1553 2448 1700 2524 videtur

292 2594 418 2652 tamen
440 2577 544 2681 quod
561 2578 748 2654 Dominus
773 2578 885 2654 etiam
906 2579 945 2652 in
964 2578 1037 2653 hoc
1058 2579 1218 2683 respexit
1237 2577 1490 2665 humilitatem
1509 2576 1601 2652 servi
1624 2560 1707 2663 sui,

292 2734 407 2809 quem
437 2734 503 2781 sua
529 2706 670 2813 adjuvit
700 2707 959 2796 miseratione,
991 2734 1093 2811 spem
1125 2707 1302 2813 adjutorii
1332 2735 1409 2783 non
1434 2706 1637 2783 habentem
1662 2707 1701 2781 in

294 2835 459 2912 homine.
1740 2826 1749 2838 ’

349 2969 442 3041 ltem
471 2968 773 3070 sepenominatus
796 2965 998 3058 Robertus,
1029 2966 1125 3042 infre
1148 2967 1329 3042 terminos
1359 2963 1552 3070 parrochie
1577 2982 1702 3041 nostre

294 3095 577 3201 Broburgensis,
592 3097 780 3202 quandam
794 3096 989 3202 paludem,
1005 3096 1155 3204 ingenio
1169 3123 1238 3172 suo
1252 3112 1290 3170 et
1300 3094 1446 3170 comitis
1458 3095 1640 3200 expensis,
1657 3095 1703 3170 ad

295 3246 430 3302 terram
454 3226 610 3302 deduxit
631 3225 826 3317 arabilem3
847 3245 884 3304 et
906 3228 944 3301 in
965 3255 1023 3315 ea,
1045 3226 1154 3303 nobis
1177 3224 1466 3302 reclamantibus
1489 3226 1594 3330 quod
1617 3254 1705 3301 con·
1729 3292 1733 3297 .

170 3411 172 3414 -
294 3373 349 3430 tra
367 3370 501 3433 statuta
525 3373 603 3432 erat
625 3384 830 3444 canonum,
851 3356 1043 3433 basilicam
1065 3356 1243 3445 fundans,
1264 3355 1478 3431 mansiones
1498 3372 1535 3428 et
1557 3353 1705 3428 funicu-

295 3486 350 3561 los
373 3487 651 3590 possessionum
679 3486 823 3563 colonis
843 3485 1050 3574 distribuit,
1074 3485 1228 3561 decimis
1251 3484 1385 3560 nostris
1408 3483 1455 3559 de
1482 3483 1612 3558 eadem
1642 3511 1705 3587 pa-

296 3614 385 3690 lude
406 3615 592 3719 usurpatis
608 3632 645 3691 et
667 3615 849 3690 violenter
870 3613 1042 3689 detentis.
1068 3615 1115 3689 Et
1135 3642 1219 3688 cum
1239 3611 1312 3687 hoc
1333 3611 1435 3688 idem
1454 3600 1638 3688 Robertus
1659 3609 1707 3684 ad
1826 3702 1829 3709 Ι

297 3744 500 3846 dampnum
526 3759 696 3817 nostrum
720 3741 865 3816 fecisset
890 3757 926 3817 et
947 3741 1235 3830 detrimentum,
1257 3741 1437 3818 convertit
1456 3739 1618 3844 idipsum
1639 3739 1705 3815 be·

296 3872 430 3976 nignus
449 3870 552 3946 Deus
574 3870 683 3946 uobis
711 3871 750 3944 in
777 3870 924 3946 lucrum
949 3887 987 3946 et
1009 3870 1322 3947 emolumentum.
1346 3871 1456 3957 Nam,
1482 3895 1559 3946 uon
1582 3868 1716 3965 multo

297 4016 396 4106 post,
421 3999 521 4074 idem
549 3999 748 4088 Robertus,
775 3999 839 4103 qui
864 4027 941 4075 non
960 3998 1084 4075 solum
1113 4029 1200 4091 nos,
1227 4000 1294 4078 sed
1327 3999 1443 4077 eciam
1471 3984 1727 4103 multosper

295 4128 509 4207 flandriam
525 4147 562 4204 et
575 4126 856 4206 Viromandiam
872 4127 1018 4205 nobiles
1033 4129 1179 4238 injustis
1193 4128 1473 4237 fatigationibus
1490 4144 1529 4205 et
1548 4127 1706 4203 exactio-

297 4259 407 4334 nibus
421 4274 667 4362 oppresserat,
676 4259 783 4365 jussu
798 4257 936 4335 nobilis
950 4259 1016 4336 viri
1031 4261 1157 4338 Jacobi
1179 4260 1225 4337 de
1241 4260 1432 4348 Avennes,
1451 4258 1574 4335 divine
1592 4257 1706 4333 ultio-

298 4391 371 4475 nis,
393 4406 436 4465 ut
457 4389 634 4479 creditur,
656 4389 832 4479 ministri,
855 4419 876 4464 a
894 4389 1029 4467 vilibus
1048 4391 1217 4496 personis
1238 4390 1433 4480 occiditur,
1457 4388 1549 4466 etin
1574 4388 1705 4466 eadem

297 4517 488 4622 parrochia
513 4518 576 4625 jus
602 4518 831 4624 parrochiale
855 4520 1133 4597 monasterium·
1152 4538 1345 4610 nostmm,
1372 4507 1415 4597 ut
1433 4520 1578 4626 justum
1607 4533 1704 4605 erat,

301 4647 527 4752 adipiscitur.

356 4778 412 4854 De
429 4777 574 4853 decima
592 4794 718 4853 tamen
737 4778 896 4856 duarum
916 4779 1112 4885 garbarum
1130 4781 1293 4886 questio,
1314 4810 1405 4887 que,
1422 4780 1544 4857 adhuc
1564 4777 1707 4851 vivente

1460 4910 1500 4971 ts
