4478 5842
426 515 545 589 PARS
571 514 778 587 TERTIA.
799 554 842 570 -—
865 515 1300 619 CONT1NUATOnEs
1327 515 1548 588 SIMONIS.
1631 514 1698 586 551

539 655 694 715 Oelarum
711 666 851 727 stemma,
869 654 906 715 de
924 676 984 738 quo
1002 665 1045 723 te,
1066 654 1217 737 splendida
1236 675 1368 736 gemma,

580 758 616 817 Et
633 757 722 819 decus
741 754 879 817 abbatum
897 758 1020 838 contigit
1035 758 1226 818 ease'satuml

536 859 596 933 Qui
612 859 685 918 dum
701 846 822 940 templa,
840 858 944 919 domos
957 859 1082 939 regales,
1102 860 1219 931 horrea,
1235 879 1368 941 promas,

581 961 731 1042 Multaque
746 962 819 1020 mira
835 962 936 1030 struis,
949 961 1021 1042 proh
1035 960 1116 1021 dolor
1129 962 1135 1019 Ι
1149 982 1215 1021 ecee
1234 962 1304 1021 ruis.

474 1074 479 1085 ‘
578 1063 652 1124 Ante
666 1062 745 1145 diem
761 1062 855 1123 februi
867 1073 944 1122 sexta
958 1082 1094 1142 suprema
1104 1065 1148 1122 tui
1159 1061 1177 1120 ¹.

343 1285 431 1389 Ejus
451 1286 674 1362 memoriam
690 1287 830 1362 habere
851 1284 995 1362 debent
1011 1287 1218 1363 Sithiens'es
1238 1287 1276 1360 in
1292 1285 1435 1373 secula,
1453 1285 1705 1362 retribuentes

286 1413 319 1491 ei
342 1415 555 1491 orationum
578 1415 767 1523 suffragia,
789 1415 854 1523 qui
875 1415 1013 1506 multa,
1036 1435 1078 1493 ut
1098 1433 1267 1521 apparet,
1293 1417 1332 1491 in
1352 1414 1524 1491 libertate
1550 1414 1703 1491 ecclesie

285 1543 534 1648 adquirenda,
560 1546 598 1621 in
619 1545 892 1651 amplificandis
911 1546 1229 1651 possessionibus,
1252 1546 1290 1621 in
1306 1545 1461 1622 diversis
1480 1545 1618 1622 domus
1633 1545 1703 1622 Dei

285 1674 531 1767 ornamentis,
553 1675 611 1754 vel
632 1675 714 1752 aliis
733 1675 908 1782 pluribus
927 1675 1052 1753 modis
1071 1674 1206 1753 tribuit
1224 1674 1414 1752 benefitia.

340 1804 449 1881 Anno
469 1806 625 1883 Domini
640 1831 807 1895 sacrvm,
826 1806 959 1912 quinto
980 1823 1065 1883 ante
1087 1806 1235 1883 obitum
1249 1805 1408 1910 predicti
1430 1803 1589 1894 abbatis,
1612 1805 1706 1881 obiit

285 1934 395 2021 Milo,
412 1936 649 2014 Morinorum
665 1936 877 2041 episeopus,
895 1935 1049 2010 nomine
1064 1951 1101 2011 et
1116 1934 1311 2049 rabonus3
1329 1934 1389 2009 cui
1403 1934 1579 2010 successit
1595 1934 1703 2017 Milo,

285 2064 588 2154 archidiaconus,
604 2067 805 2142 canonicus
822 2065 955 2141 Sancte
972 2064 1089 2142 Marie
1108 2064 1155 2140 de
1166 2066 1297 2141 Bosco.
1317 2064 1426 2141 Carte
1445 2093 1520 2169 que
1535 2081 1705 2171 tempore

284 2194 441 2298 predicti
472 2194 616 2273 abbatis
644 2196 691 2272 de
720 2195 910 2302 acquisitis
937 2195 996 2271 vel
1021 2194 1260 2272 commutatis
1286 2192 1585 2299 possessionibus
1610 2194 1704 2269 lacte

285 2341 390 2416 sunt,
406 2354 523 2431 penes
535 2354 604 2404 nos
616 2326 823 2418 habentur;
838 2355 947 2432 quas,
965 2355 1051 2402 cum
1068 2325 1225 2432 longum
1242 2325 1290 2402 sit
1300 2352 1367 2429 per
1379 2324 1524 2431 singula
1534 2323 1702 2413 recitare,

285 2455 354 2530 hec
374 2454 534 2533 sufficiat
553 2458 770 2535 summatim
791 2468 1113 2533 commemorare.'

340 2584 449 2660 Anno
463 2584 652 2691 siquidem
665 2584 845 2665 incarnati
859 2583 972 2662 Verbi
985 2586 1299 2692 quinquagesimo
1312 2586 1458 2690 quinto,
1470 2584 1704 2691 privilegium

285 2714 426 2817 accepit
441 2714 689 2820 exemptionis
705 2732 831 2791 nostre
845 2743 866 2790 a
883 2730 1068 2791 conventu
1080 2714 1336 2805 Cluniacensi,
1355 2730 1392 2791 et
1410 2714 1706 2791 confirmationis

286 2844 458 2919 omnium
485 2844 678 2921 bonorum
704 2861 922 2922 nostrorum
949 2861 986 2923 et
1010 2843 1193 2922 libertatis
1221 2843 1393 2935 ecclesie,
1423 2844 1705 2949 sicincipiens:
1780 2876 1783 2881 ·

287 2974 499 3051 «Adrianus
513 2975 726 3081 episcopus,
744 3003 870 3052 servus
888 2956 1080 3053 servorum
1096 2971 1180 3061 Dei,
1201 2974 1339 3051 dilecto
1354 2972 1436 3051 filio
1454 2973 1589 3060 Leoni,
1605 3012 1618 3042 ι
1635 2992 1704 3052 etc.

287 3103 463 3179 «Justicie
487 3105 701 3182 strationis
726 3106 865 3196 ordo,»
892 3122 961 3182 etc.
972 3104 1183 3213 ,Signatum
1207 3104 1246 3180 in
1271 3102 1349 3181 fine
1369 3133 1457 3182 cum
1479 3104 1639 3189 circulo,
1668 3104 1707 3180 in

285 3233 391 3341 cujus
416 3232 575 3311 circuitu
598 3234 792 3326 scribitur,
821 3235 960 3313 «Oculi
989 3236 1065 3312 mei
1085 3262 1234 3340 semper
1257 3236 1305 3312 ad
1327 3234 1584 3323 Dominum3»
1612 3235 1707 3310 etin

286 3363 414 3439 medio
446 3363 535 3442 dieti
571 3365 733 3442 circuli:
758 3340 944 3442 «Sanctus
974 3365 1119 3442 Petrus.
1154 3366 1309 3442 Sanctus
1339 3363 1488 3440 Paulus.
1522 3363 1708 3439 Adrianus
1794 3345 1797 3349 ¹

285 3521 378 3597 papa
399 3500 531 3571 unffi.»
555 3495 676 3603 Hujus
694 3496 877 3601 privilegii
900 3495 1010 3571 multi
1037 3512 1334 3570 annumerantur
1354 3509 1479 3569 testes.

343 3623 509 3699 «Datum
529 3626 748 3710 Beneventi,
767 3652 834 3729 per
851 3652 1004 3705 manum
1024 3623 1201 3708 Rolandi,
1223 3639 1347 3698 sancte
1365 3623 1531 3698 Romane
1553 3621 1706 3698 ecclesie

285 3750 483 3856 presbiteri
510 3752 710 3828 cardinalis
739 3753 1030 3840 et'cancellarii,
1060 3772 1161 3831 sexto
1187 3752 1335 3830 kalend.
1363 3751 1562 3838 februarii,
1588 3753 1708 3829 indie-

284 3881 388 3956 tione
404 3887 493 3971 11111,
510 3881 776 3958 incarnationis
796 3882 983 3983 dominice
1005 3912 1102 3960 anno
1118 3914 1196 3990 qno
1219 3913 1349 3989 supra,
1364 3881 1602 3989 pontificatus
1620 3913 1706 3960 vero

287 4010 418 4086 domni
437 4010 593 4088 Adriani
616 4040 710 4116 pape
735 4008 807 4088 „Ha
831 4039 929 4088 anno
948 4015 1156 4090 secundo·

343 4140 400 4218 Ab
416 4140 551 4218 eodem
567 4140 745 4245 pontifice
762 4141 973 4249 impetravit
987 4144 1112 4221 adhuc
1125 4144 1196 4220 tria
1210 4142 1417 4251 privilegia3
1434 4141 1524 4219 item
1545 4172 1565 4218 a
1580 4145 1708 4243 Theo·

288 4269 415 4347 derico
442 4271 578 4348 comite
612 4269 847 4380 privilegium
875 4274 923 4350 de
958 4274 1253 4352 commutatione
1284 4271 1372 4349 ville
1402 4271 1449 4349 de
1483 4274 1627 4383 Hencip
1661 4275 1708 4351 ad

288 4400 490 4506 quamdam
519 4400 754 4508 berquariam
788 4404 826 4479 in
855 4404 1118 4511 Ramscapple3
1144 4405 1234 4481 item
1266 4402 1313 4480 ab
1347 4404 1501 4493 eodem,
1535 4405 1709 4482 deterre

289 4548 411 4637 empta
433 4532 640 4610 alohanne
665 4534 818 4641 Raspei;
846 4535 936 4611 item
963 4536 1010 4612 de
1031 4552 1130 4613 terra
1154 4532 1366 4611 Trudbaldi
1397 4535 1443 4610 de
1473 4533 1705 4642 Aldenborg,

289 4677 326 4736 11
346 4661 393 4737 de
414 4664 575 4769 quadam
595 4665 752 4741 terrain
773 4664 945 4758 Gistalla;
967 4666 1057 4743 item
1074 4664 1121 4742 ab
1141 4664 1318 4753 Amulio,
1335 4663 1536 4742 Gisnarum
1552 4667 1704 4753 comite,

364 4825 497 4887 Scilicet:
514 4827 581 4888 Dies
595 4839 673 4889 sexta
688 4840 754 4890 ante
769 4829 847 4890 diem
863 4831 987 4911 primam
1002 4830 1096 4891 lebrui
1112 4829 1166 4891 fuit
1179 4850 1314 4913 suprema
1333 4829 1385 4890 tui,

1476 4934 1527 4997 [11.
