4388 5850
585 511 902 585 MONASTERII
929 509 1141 584 SANCTAE
1169 510 1468 584 TRINITATIS.
1637 511 1708 588 1155

926 811 1074 887 LXVI.

347 1027 512 1120 Quidam
532 1023 714 1100 Henricus
735 1024 781 1099 de
805 997 986 1100 Grinvilla
1013 1018 1121 1097 dedit
1142 1020 1336 1098 monachis
1356 1022 1498 1099 Sancta
1519 1024 1712 1101 Trinitatis

291 1162 329 1235 in
358 1156 484 1233 alodio
504 1180 630 1231 acrum
661 1169 698 1230 et
718 1151 921 1231 dimidium
940 1170 1070 1240 terrae,
1100 1180 1215 1257 quam
1243 1150 1290 1228 da
1310 1151 1387 1228 illis
1404 1152 1559 1229 tenebat
1585 1155 1624 1230 in
1648 1156 1710 1231 he·

291 1287 438 1365 neiicio.

460 1468 575 1529 Testes:
589 1465 761 1536 hacanos,
779 1465 864 1527 frater
878 1463 1021 1532 Simoniaa
1037 1466 1208 1532 chaanrs,
1225 1466 1361 1527 senescal.

912 1743 1090 1820 vall.

346 1966 455 2072 Regis
475 1936 607 2069 regum
632 1959 772 2038 Christi
791 1959 907 2066 gratia
926 1958 1124 2068 largiente,
1148 1959 1213 2063 qui
1234 1977 1365 2036 cuncta
1386 1987 1537 2067 semper
1559 1965 1623 2068 pio
1641 1994 1711 2071 gu-

289 2094 423 2170 hemat
439 2090 714 2179 moderamine,
727 2086 965 2180 Willelmus,
982 2088 1058 2165 dux
1080 2089 1398 2178 Normannorum,
1420 2117 1577 2199 regnum
1598 2094 1710 2198 adep

288 2241 350 2299 tus
366 2223 593 2330 Anglorum,
614 2247 700 2297 cum
719 2235 816 2295 esset
836 2216 977 2295 invilla
992 2219 1112 2326 regia,
1126 2216 1209 2324 qnae
1224 2216 1365 2327 anglica
1381 2218 1508 2326 lingua
1525 2218 1710 2298 Gueritho

289 2353 438 2444 dicitur,
454 2351 611 2430 consilio
627 2366 664 2426 et
676 2350 914 2456 suggestione
928 2345 1054 2426 fidelis
1067 2349 1123 2425 sui
1138 2346 1343 2440 willelmi,
1357 2348 1425 2425 filii
1436 2349 1599 2428 Osberni
1615 2352 1711 2459 dapi-

288 2483 376 2570 feri,
394 2483 459 2588 qui
475 2510 602 2559 comes
618 2484 696 2557 erat
710 2479 854 2587 palatii,
873 2478 980 2557 dedit
998 2478 1140 2557 Sancta
1157 2479 1331 2556 Trinitati
1346 2480 1393 2558 de
1407 2482 1554 2572 Monte,
1572 2482 1611 2557 in
1627 2510 1710 2588 per·

286 2605 718 2716 petuam'hereditatem
733 2627 871 2688 terram
887 2640 970 2718 quaa
981 2608 1123 2718 anglice
1138 2611 1440 2689 Hermodesodes
1456 2629 1707 2719 nuncupatur,

287 2771 373 2817 cum
392 2741 546 2818 ecclesia
567 2759 604 2818 et
618 2740 796 2818 omnibus
816 2740 887 2818 sibi
907 2740 1201 2846 pertinentibus,
1224 2739 1393 2818 scilicet
1381 2771 1422 2818 rn
1441 2744 1554 2849 agris,
1576 2745 1706 2849 pratis

286 2873 445 2976 pascuis,
464 2869 710 3000 molendinis,
736 2871 858 2978 aquis,
883 2871 1087 2962 humectis,
1112 2860 1228 2960 silvis,
1254 2873 1462 2979 ceterisque
1488 2872 1706 2979 hujusmodi

287 3003 411 3078 eidem
429 3001 523 3078 villae
544 2976 745 3108 contiguis,
767 3018 940 3107 presente
956 3000 1090 3079 abbate
1105 3002 1288 3110 Raynerio
1308 3029 1394 3079 cum
1414 3002 1561 3081 duobus
1578 3034 1709 3082 mona-

286 3133 365 3209 chis
376 3133 554 3210 Nicholao
566 3149 603 3208 et
615 3130 835 3210 Guillelmo.
845 3133 930 3209 Haec
943 3133 1098 3211 donatio
1112 3129 1204 3209 iacta
1215 3149 1271 3209 est
1282 3158 1350 3238 per
1361 3161 1482 3210 unum
1496 3135 1706 3229 cultellum

284 3291 400 3381 quem
415 3261 580 3369 prefatus
599 3290 661 3338 rex
673 3261 895 3370 joculariter
909 3264 1001 3341 dans
1020 3261 1146 3342 abbati
1165 3262 1270 3368 quasi
1293 3264 1374 3371 ejus
1392 3262 1525 3369 palmae
1538 3267 1709 3344 minatus

286 3394 490 3502 infigere:
478 3395 560 3472 lta
567 3393 734 3527 ,inquit,
747 3409 848 3470 terra
862 3392 940 3470 dari
954 3393 1082 3471 debet.
1099 3393 1203 3468 Hoc
1219 3418 1308 3499 ergo
1325 3391 1528 3467 evidenti
1500 3395 1709 3501 sagnoniul-

284 3543 489 3634 torumque
506 3494 734 3604 nobilium
713 3526 779 3630 qui
794 3525 896 3630 regio
912 3523 1019 3599 lateri
1035 3519 1203 3598 astabant
1221 3519 1441 3597 testimonio
1454 3520 1547 3598 lacta
1561 3541 1617 3600 est
1631 3525 1708 3600 haec

287 3657 456 3742 donatio,
474 3683 574 3733 anno
592 3652 814 3732 dominicae
803 3651 1070 3730 incarnationis
1082 3675 1246 3728 utinm.

453 3858 578 3937 Signum
604 3853 778 3920 Wutannr,
795 3855 892 3938 regia·
908 3853 1033 3936 Signum
1051 3854 1235 3922 narniens,
1254 3854 1368 3935 regine.
1387 3853 1512 3937 Signum
1531 3854 1704 3925 Wrcnanur,

494 3958 548 4018 filii
567 3956 701 4017 Osbemi.
719 3956 845 4037 Signum
861 3953 1041 4025 Wrnnnnm,
1055 3957 1184 4040 episcopi
1198 3955 1365 4018 londonie.
1380 3956 1506 4039 Signum
1521 3956 1704 4028 Gorrraam

493 4057 818 4144 episeopiConstanciar
833 4059 959 4141 Signum
969 4060 1136 4129 nonam,
1147 4057 1344 4123 filiiGuimar
1355 4058 1481 4143 Signm
1493 4062 1637 4131 Ricaam,
1652 4063 1705 4123 [ilii

494 4163 717 4245 Torateingoir⁸⁸
740 4163 866 4243 Signum
885 4163 1011 4230 Ennea.
1033 4174 1104 4224 tunc
1127 4162 1281 4245 capellani,
1306 4176 1403 4246 postea
1419 4166 1557 4247 episcopi.
1580 4164 1704 4246 Signum

494 4265 633 4329 Honoras
645 4264 683 4326 da
697 4264 843 4327 Sillevilla

328 4452 514 4525 ¹lticardus,
543 4454 621 4515 filius
641 4453 855 4534 Torstoingoiz,
890 4455 963 4517 vioe·
1020 4466 1072 4515 rat.
1095 4453 1184 4534 (Vide
1204 4454 1384 4518 willelmum
1398 4455 1703 4518 Gemmeticensem'et

284 4577 379 4616 urmes
410 4556 593 4618 abrincensis
629 4556 743 4616 exstitit.
776 4556 859 4617 Pater
887 4553 964 4616 illius
1020 4555 1182 4618 Rohartum
1199 4556 1316 4636 wasa.)

285 4679 353 4716 eum
376 4658 523 4721 Willelmo
545 4659 639 4721 Natho
662 4658 789 4719 multum
812 4659 965 4720 dimicare
