4478 5842
591 482 713 559 PARS
738 480 908 555 PRIMA.
927 521 974 536 -·
990 482 1017 552 F
1023 481 1239 571 OLQUINI
1265 483 1358 554 LIB'.
1386 482 1431 553 ΙΙ.
1667 485 1715 558 89

449 912 486 952 DE
510 911 605 953 MORTE
630 910 788 953 unumvlct
811 910 906 960 acels,
930 912 964 952 ΕΤ
988 911 1134 953 ntvrswnu
1156 910 1243 952 amur
1267 910 1352 954 INTER
1374 911 1467 954 Ubios
1488 912 1564 953 mus.

355 1086 551 1167 Gloriosus
571 1106 697 1164 autem
715 1116 778 1163 rex
799 1086 1028 1164 Hludovicus
1045 1088 1250 1193 imperator
1269 1106 1467 1196 augustus,
1486 1117 1585 1166 anno
1601 1091 1720 1167 incar-

300 1218 461 1294 nationis
475 1217 672 1295 dominicae
692 1243 783 1294 uccc
799 1244 856 1293 xc.
879 1245 966 1292 cum
986 1234 1175 1325 regnasset
1190 1218 1296 1293 annis
1315 1245 1430 1309 xnvu,
1453 1218 1611 1296 decessit
1630 1249 1720 1297 ase-

198 1326 201 1331 *
299 1344 397 1424 culo.
429 1347 525 1424 Ante
558 1348 664 1454 cujus
690 1344 835 1424 obitum
859 1345 1031 1424 mirabile
1060 1346 1243 1452 quiddam
1277 1365 1314 1423 et
1344 1347 1557 1424 inauditum
1587 1348 1720 1425 accidit

299 1460 339 1552 in
366 1505 461 1584 pago
492 1476 783 1553 Taruennicum.
810 1478 903 1552 Nam
933 1476 1013 1581 ipso
1039 1504 1154 1565 anno,
1182 1493 1266 1581 post
1292 1476 1462 1553 medium
1483 1478 1717 1583 januarium,

299 1606 475 1695 meridie,
504 1606 603 1714 ignei
634 1582 820 1683 umbones
845 1634 930 1681 cum
957 1605 1083 1681 sonitu
1107 1605 1240 1712 grandi
1260 1604 1306 1682 ab
1327 1607 1463 1684 aethere
1494 1606 1585 1713 lapsi
1613 1626 1717 1699 sunt,

301 1737 525 1849 mirumque
541 1734 794 1845 spectaculum
822 1734 926 1816 omni
948 1720 1090 1841 populo
1118 1733 1350 1812 detulerunt.
1379 1736 1569 1814 Defuncto
1592 1758 1718 1816 autem

204 1850 209 1860 ¹
298 1867 468 1973 predicto
492 1867 718 1972 imperatore
740 1863 1096 1969 Hludovico‚lsrlius
1117 1864 1429 1972 ejueHlotarius‚
1447 1868 1614 1974 quiante
1637 1870 1719 1946 obi-

300 2014 381 2072 tum
408 1984 524 2103 patris
548 1995 596 2072 ad
621 1995 886 2101 imperatorem
909 2009 1044 2070 unctus
1063 2011 1155 2083 erat,
1179 1996 1226 2071 de
1252 1995 1355 2071 Italia
1377 1997 1544 2089 veniens,
1572 2028 1719 2075 monar-

301 2126 422 2202 chiam
456 2143 586 2202 tenere
613 2123 805 2232 gestiebat.
840 2125 918 2200 Sed
943 2124 1074 2201 fratres
1108 2126 1338 2203 Hludovicus
1370 2143 1407 2201 et
1437 2126 1596 2204 Karolus
1629 2128 1721 2205 divi-

302 2258 446 2335 sionem
460 2257 566 2365 regni
583 2255 807 2344 affectantes,
826 2271 912 2361 post
925 2283 1048 2333 unum
1064 2284 1218 2348 annum,
1235 2257 1397 2333 maximo
1412 2256 1541 2362 praelio
1563 2256 1661 2332 inter
1680 2286 1719 2333 se

189 2446 197 2467 .
303 2386 552 2497 conflixerunt
571 2388 611 2463 in
630 2415 724 2495 pago
736 2384 1073 2478 'Autisiodorense,
1096 2386 1134 2461 in
1159 2387 1243 2464 loco
1270 2387 1336 2494 qui
1362 2404 1515 2463 vocatur
1534 2387 1720 2463 Fontane-

302 2534 396 2594 tum.
419 2518 461 2594 In
487 2547 564 2624 quo
590 2515 673 2594 loco
699 2515 850 2637 Franci,
873 2543 958 2591 cum
981 2514 1160 2592 omnibus
1188 2516 1405 2593 nationibus
1424 2515 1496 2592 sibi
1521 2515 1717 2623 subjectis,

301 2664 434 2724 mutua
452 2676 491 2724 se
512 2647 604 2724 cede
631 2661 927 2752 prosternentes,
955 2643 1002 2720 ad
1022 2642 1202 2720 ultimum
1225 2643 1456 2720 Hludovicus
1484 2661 1521 2720 et
1541 2645 1717 2741 Karolus‚

300 2776 479 2854 Lothario
501 2776 645 2882 fugato,
667 2772 906 2878 triumphum
926 2771 1052 2878 adepti
1079 2789 1179 2848 sunt.
1199 2773 1288 2849 Post
1311 2773 1614 2867 cruentissimum
1631 2804 1719 2853 vero

300 2904 491 3012 praelium,
511 2930 600 3010 pace
621 2903 718 2980 inter
739 2929 803 2978 eos
821 2900 929 2992 facta,
951 2900 1157 2979 diviserunt
1176 2902 1274 2978 inter
1292 2931 1331 2979 se
1352 2904 1581 2981 Francorum
1601 2905 1721 3012 impe-

301 3036 414 3111 rium.
436 3035 483 3110 Et
502 3031 701 3110 Lotharius
724 3030 882 3138 quidem
907 3030 1048 3136 accepit
1071 3059 1229 3139 regnum
1255 3032 1511 3110 Romanorum
1537 3050 1574 3110 et
1601 3051 1720 3112 totam

301 3163 462 3257 ltaliam,
486 3181 523 3240 et
549 3150 694 3273 partem
714 3160 876 3237 Franeiae
904 3159 1125 3238 orientalem
1145 3177 1339 3270 totamque
1359 3163 1597 3240 Provintiam.
1627 3163 1721 3241 Hlu-

303 3294 455 3373 dovicus
468 3321 574 3384 vero,
595 3308 729 3398 praeter
742 3291 932 3385 Noricam,
953 3319 1066 3398 quam
1084 3289 1264 3383 habebat,
1282 3293 1406 3369 tenuit
1421 3323 1535 3403 regna
1555 3325 1637 3400 quae
1652 3278 1719 3400 pa·

301 3442 359 3502 ter
378 3453 469 3502 suus
494 3421 552 3499 illi
580 3421 752 3515 dederat,
772 3420 813 3498 id
833 3426 890 3500 e'st
908 3419 1184 3512 Alamanniam,
1205 3421 1444 3528 Turingiam,
1466 3422 1717 3531 Austrasiatp,
1840 3420 1843 3425 ’

302 3556 515 3646 saxoniam,
539 3572 576 3631 et
599 3552 823 3661 Auarorum,
847 3551 888 3629 id
909 3567 980 3641 est,
1007 3553 1224 3642 Hunorum,
1247 3580 1423 3659 regnum
1447 3551 1607 3631 Karolus
1629 3581 1718 3631 vero

303 3686 544 3764 medietatem
563 3683 725 3761 Franciae
746 3682 792 3760 ab
813 3682 1024 3774 occidente,
1052 3699 1226 3759 ettotam
1246 3664 1719 3783 Niustriam,¹Britanniam

302 3834 340 3892 et
356 3815 557 3892 maximam
575 3831 720 3919 partem
735 3813 979 3919 Burgundiae,
997 3811 1163 3900 Goliam,
1182 3811 1442 3904 Wasconiam‚
1462 3810 1718 3919 Aquitaniam,

303 3941 480 4021 submoto
497 3941 587 4019 inde
601 3941 773 4048 Pippino,
793 3939 876 4016 filio
892 3938 1052 4048 pippini,
1071 3957 1108 4015 et
1122 3940 1162 4015 in
1177 3940 1406 4017 monasterio
1422 3941 1538 4019 sancti
1551 3938 1720 4018 Medardi
1792 4018 1799 4031 ,

303 4090 461 4151 attonso.
482 4072 554 4147 Ista
573 4087 700 4147 autem
720 4065 1035 4175 periculosissima
1054 4066 1240 4144 discordia
1260 4067 1340 4144 sine
1361 4070 1493 4176 requie
1513 4070 1723 4178 quinquen·

305 4202 358 4282 nii
378 4204 619 4308 occupaverat
638 4217 798 4315 tempus.
1690 4188 1695 4195 ’

868 4494 870 4498 .
968 4416 1060 4494 vll.

537 4601 575 4642 DE
594 4598 807 4645 rmnsuarlonn
827 4600 926 4643 SANCTI
950 4598 1102 4642 annonam
1125 4601 1162 4641 DE
1183 4601 1267 4643 victa
1290 4599 1481 4643 LIGESBURGR.

362 4762 443 4842 Sub
456 4763 525 4841 hac
537 4760 758 4869 tempestate
773 4760 985 4839 invenimus
998 4760 1049 4840 ita
1061 4726 1281 4841 annobtum
1293 4761 1335 4839 in
1349 4758 1724 4842 decennovaenalibus

735 4926 760 4961 ιι
969 4896 974 4915 ‘
1479 4910 1513 4951 η
