4388 5850
310 517 380 586 roo
753 512 758 524 ’
814 501 1222 597 cuunrunumuu

306 670 371 776 qui
401 683 553 744 vocatur
584 665 756 750 Mainart,
782 691 894 769 quam
930 661 1202 766 suprascriptus
1230 658 1439 735 monachus
1468 660 1580 737 simili
1612 666 1731 742 modo

307 799 399 874 emit
426 796 464 871 in
487 811 709 901 perpetuam
739 791 989 877 hereditatem
1016 790 1062 864 ab
1086 791 1221 865 Emma
1246 789 1449 876 abbatissa,
1477 795 1732 872 annuentibus

307 926 534 1004 monialibus
552 918 647 1011 suis,
668 940 744 998 tres
763 921 878 998 libras
893 920 1135 997 denariorum
1154 936 1191 995 et
1206 948 1268 995 sex
1286 919 1443 1011 solidos,
1462 920 1533 997 sibi
1548 923 1729 1027 placitum

307 1058 462 1136 faciente
480 1055 647 1169 Beatriee
661 1052 834 1143 moniali,
854 1080 937 1157 quae
955 1051 1204 1157 prefecturam
1220 1049 1316 1126 villae
1337 1068 1427 1127 tunc
1444 1055 1623 1160 temporis
1642 1085 1730 1161 pos-

308 1189 473 1276 sidebat,
497 1214 542 1263 eo
562 1184 667 1292 quod
681 1201 820 1261 terram
835 1183 954 1289 ipsam
974 1200 1065 1258 tune
1080 1180 1250 1257 laborare
1271 1181 1464 1287 nequibat.

476 1362 600 1444 Signum
617 1359 729 1428 Euun,
747 1358 906 1419 abbatissa.
928 1357 1053 1438 Signum
1067 1357 1242 1422 Brarnrcts,
1265 1357 1431 1438 preposite.
1447 1356 1573 1439 Signum
1593 1363 1729 1420 omniurn

520 1483 661 1524 sororum.
677 1461 792 1522 Testes:
808 1459 970 1520 Quorsus
987 1459 1023 1520 de
1039 1456 1253 1526 Franchavissa;
1271 1455 1471 1527 Winrsmum
1485 1459 1604 1531 Ursus,
1616 1463 1730 1522 loniu-

519 1584 588 1632 nrs;
603 1563 726 1629 Dnono,
745 1574 773 1621 at
788 1561 873 1621 multi
887 1561 944 1621 alii.

899 1789 1140 1866 LXXVIII.

364 1967 471 2043 Anno
498 1966 695 2042 dominicae
716 1964 979 2041 incarnationis
1001 1992 1157 2055 uxum„
1179 1964 1366 2041 Huel'mus
1390 1965 1437 2040 de
1460 1967 1597 2043 Franca
1609 1968 1728 2065 Villa,

312 2127 379 2202 pro
399 2098 568 2174 remedio
588 2098 720 2173 animae
736 2124 812 2172 suae
827 2112 864 2172 et
883 2113 1082 2201 parentum
1101 2123 1276 2184 suorum,
1301 2113 1339 2173 et
1358 2123 1427 2200 pro
1448 2097 1624 2175 societate
1646 2129 1730 2175 mo-

310 2228 478 2315 nasterii,
496 2227 647 2304 donavit
661 2226 709 2302 ad
722 2225 836 2302 altare
855 2227 997 2333 Sanctae
1007 2223 1211 2314 Trinitatis,
1230 2226 1523 2331 inperpetuum,
1544 2227 1728 2313 decimam

309 2376 495 2435 terrarum
521 2357 693 2434 omnium
722 2383 814 2462 quas
837 2354 1053 2462 possidebat
1078 2355 1117 2431 in
1142 2357 1310 2432 Francha
1334 2355 1451 2447 Villa,
1477 2358 1551 2433 sive
1575 2357 1728 2447 invilla

310 2517 392 2593 quae
415 2489 552 2565 dicitur
564 2486 667 2575 Falc,
684 2485 741 2563 vel
757 2487 796 2562 in
811 2484 1054 2572 Rellebueth,
1073 2503 1260 2562 annuente
1277 2487 1433 2564 domino
1449 2515 1519 2564 suo
1531 2486 1728 2566 Willelmo

308 2619 559 2709 Vernonensi,
581 2644 650 2723 pro
677 2646 751 2722 qua
774 2635 811 2693 et
832 2616 1004 2722 monachi
1029 2617 1218 2693 dederunt
1243 2617 1367 2692 eidem
1392 2615 1581 2723 Hngelirio
1607 2647 1727 2694 unum

310 2778 451 2853 equum
475 2766 512 2824 et
536 2776 570 2827 vt
592 2747 743 2824 solidos.

360 2954 369 2969 .
477 2912 602 2993 Signum
614 2910 787 2978 Wrmnuut,
803 2911 918 2971 domini
933 2915 988 2972 sui.
1013 2910 1137 2993 Signum
1154 2913 1245 2993 ipsius
1264 2912 1401 2972 Hormus.
1422 2913 1540 2973 Teates:
1560 2913 1731 2982 bresanus,

520 3012 665 3079 senescat,
684 3012 843 3073 Osnrnuus
860 3013 1072 3080 Bnuncosrcm
1087 3013 1193 3073 Ilrnno
1210 3013 1248 3074 de
1264 3014 1397 3083 Cannam
1413 3013 1610 3083 Brnuannus,
1632 3037 1730 3076 cocus.

923 3244 1116 3318 LXXIX.

366 3423 501 3497 Notum
517 3419 565 3496 sit
578 3420 722 3496 cunctis
740 3415 931 3506 fidelibus,
946 3417 1051 3525 quod
1064 3446 1133 3527 ego
1148 3420 1274 3525 Hugo,
1291 3417 1525 3507 forestarius,
1543 3421 1591 3497 ob
1602 3441 1731 3497 ‘reme-

311 3549 417 3626 dium
436 3549 567 3626 animae
589 3577 699 3639 meae,
721 3550 772 3626 do
792 3550 934 3625 Sanctae
953 3549 1128 3626 Trinitati
1149 3566 1186 3625 et
1206 3550 1399 3625 monachis
1420 3578 1483 3626 sex
1503 3579 1603 3627 acres
1620 3569 1730 3627 terrae

310 3680 347 3754 in
363 3678 449 3755 villa
465 3708 547 3785 quae
563 3678 700 3755 dicitur
712 3654 953 3765 bricrebech,
970 3695 1160 3758 annuente
1175 3677 1329 3754 domino
1347 3706 1430 3755 meo
1446 3680 1627 3757 Rotberto
1639 3683 1731 3758 Ber-

309 3817 464 3889 tranno¹
482 3828 520 3887 et
535 3837 651 3886 uxore
673 3809 753 3916 ejus
769 3811 956 3895 Susanna,
981 3826 1019 3885 et
1036 3788 1218 3915 quicquid
1235 3809 1321 3916 jure
1343 3839 1427 3886 meo
1444 3812 1636 3916 possideo,
1661 3813 1733 3888 fra-

308 3940 429 4018 tribus
448 3944 589 4019 Sanctoe
609 3941 803 4018 Trinitatis
817 3958 903 4045 post
923 3941 1068 4018 obitum
1092 3969 1220 4016 meum
1239 3942 1367 4017 omnia
1388 3942 1639 4049 derelinquo:
1662 3946 1732 4020 hac

308 4071 480 4149 videlicet
501 4072 662 4162 ratione,
682 4089 740 4163 ut,
759 4072 789 4148 si
806 4098 875 4179 ego
893 4071 1092 4178 conjugem
1112 4098 1235 4147 meam
1256 4089 1378 4148 morte
1395 4100 1627 4177 processere,
1645 4102 1733 4179 por-

309 4202 362 4278 tio
382 4203 603 4280 substancia
623 4232 706 4310 quoe
726 4230 787 4279 me
812 4202 996 4309 contingit
1017 4200 1107 4306 ipsis
1125 4200 1292 4278 fideliter
1315 4204 1484 4280 tradatur
1508 4233 1550 4279 ex
1571 4221 1670 4294 toto;
1699 4207 1729 4280 si

309 4360 395 4408 vero
418 4335 496 4439 ipsa
518 4335 621 4440 prius
645 4334 880 4424 occubuerit,
903 4331 1174 4410 nichilominus
1195 4331 1276 4438 ejus
1294 4333 1419 4439 portio
1442 4333 1635 4439 prelibatis
1657 4336 1732 4411 fra-

310 4461 431 4539 tribus
455 4464 679 4543 conferatur.

481 4630 606 4709 Signum
622 4630 775 4691 Rornrnrr
791 4631 972 4693 Brnrnannr.
985 4630 1110 4713 Signum
1126 4629 1281 4697 Soranus,
1296 4631 1392 4690 uxoris
1406 4636 1479 4714 ejus.
1495 4631 1619 4712 Signum
1635 4633 1730 4713 ipsius

523 4731 676 4802 Huuotus,
693 4733 840 4793 forestarii

355 4872 362 4902 ¹
388 4874 440 4935 llic
456 4887 516 4934 erat
531 4874 670 4935 dominus
688 4873 725 4933 da
740 4873 912 4956 briquebec.
