4478 5842
314 480 386 550 550
654 478 1067 554 CHARTULARIUM
1101 481 1395 558 SITHIENSE.

309 618 521 697 Gerardum
538 619 585 696 de
601 618 808 711 Mescimis,
823 620 972 698 comitis
989 620 1258 714 consiliarium,
1276 621 1452 728 precibus
1467 604 1735 729 etpromissio-

310 749 438 839 nibus,
461 749 640 826 eumdem
660 749 839 828 tomitem
859 767 1074 855 attemptat,
1096 779 1135 827 se
1155 779 1297 858 suaque
1317 752 1445 829 omnia
1465 753 1500 828 ei
1522 780 1731 858 exponens,

309 896 457 957 tantum
476 896 520 956 ut
539 879 734 957 ecclesiam
748 879 789 958 in
804 909 873 958 suo
883 881 970 988 jure
981 880 1128 989 juvaret
1145 898 1184 959 et
1199 884 1472 961 manuteneret.
1481 883 1590 958 ilinc
1606 910 1733 991 comes

311 1039 396 1117 erga
424 1009 588 1087 humiles
615 1026 653 1086 et
676 1007 747 1117 sibi
776 1010 951 1088 subditos
974 1010 1231 1088 misericordie
1261 1041 1411 1118 semper
1436 1012 1639 1090 visceribus
1665 1015 1733 1091 ha-

309 1140 500 1231 bundans,
529 1140 577 1215 ad
595 1137 784 1218 humilem
804 1139 948 1217 abbatis
968 1140 1200 1232 instantiam,
1223 1140 1366 1220 litteras
1386 1140 1462 1219 illis
1488 1141 1535 1219 de
1563 1141 1727 1232 Calesio,

311 1273 376 1377 qui
396 1270 658 1379 pertinatiores
684 1286 806 1363 erant,
828 1268 911 1348 ficri
930 1271 1060 1378 jussit,
1084 1271 1267 1352 mandans
1293 1273 1346 1351 eis
1368 1271 1601 1351 voluntatem
1624 1300 1729 1350 suam

311 1431 406 1490 esse,
428 1420 471 1479 ut
491 1429 579 1477 cum
601 1399 756 1480 ecclesia
775 1403 891 1479 sancti
917 1402 1060 1481 Bertini
1075 1431 1205 1509 pacem
1227 1402 1391 1483 debeant
1411 1403 1545 1481 facere.
1572 1404 1645 1479 Has
1670 1405 1729 1480 lit·

309 1552 407 1609 teras
427 1560 514 1608 cum
536 1529 613 1607 duo
635 1531 830 1624 monachi,
852 1513 1096 1638 Stephanus,
1107 1551 1198 1610 tunc
1220 1533 1402 1639 temporis
1421 1533 1667 1638 hospitarius,
1694 1552 1734 1612 et

212 1758 214 1766 Ι
243 1686 245 1691 ·
311 1659 530 1740 Willelmus
542 1661 590 1737 de
602 1659 830 1769 Dringham,
844 1660 919 1739 illis
932 1662 980 1740 de
993 1663 1140 1742 Calesio
1151 1663 1380 1754 attulissent,
1397 1661 1565 1770 populus
1580 1663 1732 1742 effrenis

313 1812 349 1870 et
375 1791 604 1869 furibundus
632 1789 757 1868 noluit
779 1808 971 1898 expectare
997 1809 1040 1869 ut
1065 1793 1286 1870 mandatum
1311 1792 1458 1870 domini
1479 1793 1537 1868 sui
1567 1793 1731 1882 audiret,

311 1952 381 2000 nec
405 1922 615 2029 intelligere
636 1939 678 1999 ut
701 1920 958 2014 benefaceret,
981 1922 1065 2010 sed,
1091 1938 1285 1999 currentes
1311 1921 1359 1998 ad
1387 1950 1508 2012 arma,
1529 1925 1735 2002 monachos

312 2054 483 2130 occidere
504 2052 718 2130 voluerunt.
740 2053 818 2153 Qui
841 2050 1027 2160 fugientes
1051 2053 1092 2127 in
1111 2049 1319 2158 templum,
1347 2078 1504 2157 seseque
1524 2049 1601 2128 illic
1619 2071 1737 2158 prout

314 2183 451 2261 melius
466 2199 641 2289 poterant
658 2181 945 2272 concludentes,
962 2182 1065 2258 diem
1082 2199 1292 2258 extremum
1308 2181 1382 2258 vite
1403 2209 1470 2259 sue
1486 2180 1614 2258 adesse
1631 2199 1739 2289 puta-

312 2314 419 2417 bant,
448 2314 502 2389 nil
526 2313 598 2389 nisi
617 2313 751 2389 horam
775 2312 906 2389 mortis
931 2311 1198 2416 prestolantem
1225 2308 1344 2387 altero
1371 2339 1504 2388 eorum
1530 2340 1657 2390 coram
1682 2313 1736 2388 al-

312 2446 383 2522 tari
400 2460 603 2555 prpstrato,
620 2441 738 2519 altero
755 2469 868 2548 super
882 2441 986 2517 altari
1003 2441 1175 2531 sedente,
1194 2457 1232 2517 et
1246 2441 1345 2519 inter
1357 2442 1509 2519 brachia
1521 2443 1734 2552 ymaginem

314 2574 428 2651 sancti
449 2573 591 2650 Nicolai
610 2586 777 2650 tenente.
798 2570 898 2649 lllesi
923 2588 1070 2663 tamen,
1094 2600 1162 2679 per
1181 2571 1252 2649 Dei
1278 2572 1591 2662 misericordiam,
1613 2573 1734 2652 nobili

313 2705 392 2783 viro
422 2703 628 2793 Baldnino,
654 2701 954 2782 conestabulario
984 2701 1033 2778 de
1061 2700 1353 2810 Ernibinghem,
1390 2731 1453 2780 eos
1483 2703 1735 2794 conducente,

315 2853 520 2911 evaserunt.
540 2835 711 2942 Cognito
736 2835 825 2925 hoc,
852 2859 979 2911 comes
1001 2831 1191 2910 ultionem
1216 2851 1319 2911 tante
1342 2834 1638 2940 presumptionis
1661 2861 1737 2910 non

317 2964 423 3039 duxit
444 2964 730 3072 negligendam,
755 2964 908 3042 nemine
931 2981 1060 3040 tamen
1080 2964 1305 3040 nominatim
1331 2962 1522 3078 inculpato
1546 2963 1587 3039 in
1612 2961 1739 3070 palam

318 3110 538 3197 apparente,
564 3092 603 3167 in
629 3120 760 3169 omnes
786 3091 938 3197 culpam
962 3092 1127 3181 deflexit,
1157 3090 1344 3171 mulctans
1366 3121 1431 3170 eos
1454 3094 1494 3169 in
1516 3121 1611 3200 pena
1634 3092 1739 3171 mille

318 3221 512 3300 librarum.
538 3223 639 3299 Inter
662 3250 732 3299 nos
755 3222 871 3298 eciam
901 3239 938 3299 et
962 3221 1049 3300 illos
1074 3223 1121 3298 de
1146 3222 1300 3328 querela
1320 3251 1569 3329 componens,
1594 3240 1739 3328 partem

317 3380 431 3429 unam
456 3352 618 3445 decime,
646 3352 748 3429 unde
774 3351 821 3431 lis
844 3369 937 3444 erat,
966 3353 1096 3439 nobis,
1123 3351 1281 3429 alteram
1305 3353 1576 3432 constructioni
1601 3352 1660 3430 vel
1680 3382 1739 3430 re-

233 3468 239 3478 ’
261 3496 264 3501 ’
317 3484 499 3589 parationi
515 3482 686 3576 ecclesie,
706 3483 862 3561 terciam
881 3484 1111 3591 pauperibus
1130 3484 1359 3593 erogandam
1378 3485 1591 3592 assignarim
1610 3501 1664 3576 et,
1690 3512 1738 3560 ne

200 3616 208 3639 ³
318 3643 387 3692 nos
403 3613 565 3721 amplius
580 3613 805 3692 deberemus
823 3615 987 3722 exigere,
1007 3611 1065 3691 vel
1083 3614 1153 3719 ipsi
1176 3615 1224 3691 de
1247 3631 1373 3692 cetero
1394 3615 1520 3704 minus
1538 3615 1643 3705 dare,
1659 3630 1738 3690 tam

318 3747 420 3822 idem
445 3774 571 3823 comes
589 3773 704 3851 quam
725 3745 808 3837 Ida,
835 3745 1072 3823 Boloniensis
1096 3745 1300 3834 comitissa,
1326 3745 1478 3824 obsides
1501 3773 1540 3823 se
1560 3746 1739 3851 utrinque

319 3876 615 3967 constituerunt;
637 3875 882 3953 decernentes
904 3904 1074 3982 quoque,
1095 3893 1139 3952 ut
1158 3905 1227 3981 pax
1249 3875 1395 3953 firmior
1420 3890 1536 3967 esset,
1559 3892 1620 3967 ut,
1645 3875 1741 3952 sicut

319 4034 387 4085 nos
409 4006 560 4083 terciam
580 4023 725 4112 partem
744 4005 890 4082 decime
912 4003 1078 4082 habituri
1103 4033 1286 4097 essemus,
1312 4005 1363 4082 ita
1389 4006 1429 4081 in
1449 4005 1642 4083 solutione
1661 4023 1741 4082 ter-

319 4136 373 4212 cie
389 4136 503 4241 partis
522 4135 774 4242 predictarum
793 4135 898 4212 mille
913 4134 1114 4223 librarum,
1132 4136 1342 4212 maritimos
1357 4163 1491 4213 omnes
1503 4135 1736 4244 juvaremus.

318 4264 427 4341 Carta
455 4266 501 4340 de
532 4266 646 4373 hujus
672 4266 986 4372 compensationis
1013 4282 1206 4343 contractu
1233 4295 1349 4371 penes
1376 4294 1445 4344 nos
1471 4242 1645 4356 liabetur,
1671 4265 1738 4343 sed

320 4395 435 4469 nichil
461 4395 570 4469 nobis
594 4396 863 4503 hoctempore
887 4394 1055 4502 prodest,
1085 4396 1181 4473 sicut
1202 4424 1271 4472 nec
1296 4396 1367 4472 alie
1396 4393 1533 4486 multe,
1562 4395 1740 4473 videlicet

318 4523 481 4630 Philippi
517 4539 554 4598 et
586 4525 669 4613 lde,
702 4525 906 4617 Willelmi,
936 4526 1130 4604 Remensis
1156 4526 1444 4632 archiepiscopi,
1479 4545 1516 4606 et
1543 4526 1735 4606 Desiderii

321 4681 498 4760 episcopi.
1507 4675 1510 4684 ’
1611 4695 1615 4704 ’
