4478 5842
568 483 642 558 uso
1068 469 1472 561 cunarummou
1548 431 1557 446 ⁸

561 645 737 718 suerunt,
760 625 878 705 multi:
890 627 961 734 qui
976 626 1231 706 interfuerunt
1245 646 1361 708 testes
1379 630 1553 708 existunt.
1570 632 1622 708 Ex
1643 630 1783 738 quihus
1801 661 1982 740 quorum·

567 757 652 872 dam
671 757 825 835 nomina
845 754 907 834 hic
925 757 1132 866 subscripta
1153 776 1191 836 et
1213 759 1355 868 signata
1376 777 1492 838 sunt·

734 979 857 1059 Signum
883 978 975 1061 ipsius
993 977 1175 1041 Gonnum.
1202 978 1326 1063 Signum
1345 979 1476 1050 Lisorm,
1502 983 1597 1044 uxoris
1614 985 1686 1066 ejus.
1710 983 1835 1067 Signum
1857 988 1973 1056 lvoms.

774 1078 922 1161 presbiteri
944 1079 981 1147 de
995 1080 1160 1144 Vernoinel.
1187 1080 1312 1164 Signum
1338 1082 1533 1145 Wsuruucmr
1557 1084 1661 1145 Tium„
1688 1083 1812 1168 Signum
1838 1088 1923 1152 doru
1943 1089 1980 1151 de
2111 1119 2112 1123 ¹

772 1182 962 1264 Prinreignci.
984 1174 1110 1267 Signum
1127 1184 1266 1248 Hoooms
1280 1185 1318 1248 de
1338 1184 1501 1247 stutevilla.
1516 1185 1642 1270 Signum
1657 1189 1798 1258 Blesum,
1820 1191 1978 1252 senescalli.

775 1284 901 1366 Signum
915 1284 1070 1355 Osuomu,
1092 1286 1240 1349 marcrad.

1230 1661 1316 1736 XV.

619 1891 785 1985 Quidam
806 1888 935 1974 miles,
962 1887 1108 1997 Ogerus
1134 1889 1308 1978 nominc,
1332 1891 1379 1968 de
1400 1890 1488 1969 villa
1511 1922 1593 1999 quae
1613 1891 1750 1969 dicitur
1775 1894 1977 1988 Panillosa,

563 2023 749 2127 quandam
771 2021 916 2097 vincam
936 2017 1156 2096 hereditatis
1174 2048 1249 2098 suae
1271 2019 1311 2096 in
1328 2021 1456 2130 Longa
1467 2020 1580 2112 Vitta,
1603 2023 1687 2101 loco
1705 2023 1814 2101 Attilz
1834 2054 1980 2105 nuncu-

475 2252 477 2257 ·
561 2172 665 2258 pato,
688 2154 821 2229 devote
833 2149 988 2259 largitus
1008 2166 1064 2228 est
1078 2148 1219 2228 Sanctae
1238 2149 1412 2230 Trinitati
1427 2181 1497 2260 pro
1512 2161 1685 2233 concessa
1701 2153 1772 2231 sibi
1785 2156 1977 2246 societate,

561 2310 708 2390 proque
736 2281 930 2389 cujusdam
952 2279 1076 2359 fratris
1103 2282 1180 2372 sui,
1214 2280 1396 2360 vocabulo
1420 2282 1609 2373 Gereimi,
1635 2308 1759 2390 nuper
1782 2284 1822 2360 in
1846 2283 1979 2394 Anglia

563 2413 749 2502 defuncti,
770 2412 903 2490 animae
919 2410 1053 2504 salute,
1071 2426 1109 2489 et
1123 2429 1167 2490 ut
1180 2412 1374 2490 annuatim
1387 2412 1450 2491 die
1463 2412 1547 2492 sesti
1558 2414 1674 2492 sancti
1686 2413 1860 2492 Audoeni
1876 2443 1979 2495 oom-

562 2546 784 2624 memoratio
802 2543 972 2656 ejusd'em
987 2541 1110 2621 fratris
1124 2541 1182 2621 sui
1198 2542 1244 2618 ab
1259 2543 1313 2621 eis
1327 2542 1409 2637 fiat,
1431 2562 1670 2622 mortuorum
1687 2572 1805 2623 more.
1821 2547 1977 2625 Vineam

562 2704 687 2753 coram
709 2675 814 2753 altari
835 2674 978 2753 Sanctae
997 2672 1210 2762 Trinitatis,
1229 2673 1269 2749 in
1289 2674 1476 2780 presentia
1495 2672 1792 2780 subscriptorum
1811 2675 1976 2754 virorum

561 2807 777 2884 memoratis
802 2804 980 2883 iratribus
1001 2801 1198 2895 concessit,
1219 2821 1257 2881 et
1278 2821 1414 2882 cartam
1438 2802 1613 2882 manibus
1630 2805 1708 2883 suis
1732 2806 1838 2913 signo
1860 2808 1978 2884 crucis

561 2935 732 3014 firmavit.

751 3157 876 3239 Signum
899 3157 991 3238 ipsius
1016 3152 1272 3236 omsstgnum
1293 3154 1466 3225 Wrnmtu,
1481 3130 1659 3220 mecscrsrii.
1677 3156 1801 3240 Signum
1819 3158 1976 3220 ossuum,

793 3257 846 3318 filii
866 3261 938 3342 ejus.
961 3255 1087 3338 Signum
1107 3254 1252 3318 Osunrmr
1267 3256 1388 3318 Brsrru.
1404 3257 1530 3338 Signum
1546 3257 1693 3328 chmur,
1711 3259 1848 3322 stnescal.

1215 3647 1322 3726 XVI.

616 3883 754 3960 Notum
781 3882 830 3959 sit
855 3881 995 3960 Christi
1021 3879 1222 3971 fidelibus,
1257 3879 1425 3987 qualitor
1451 3879 1671 3961 Wilielmus
1703 3880 1974 3970 Vemonensis,

559 4014 660 4092 fliius
672 4015 856 4125 Hugouis·,
868 4013 1029 4122 ejusque·
1038 4011 1175 4121 conjux
1184 4013 1329 4103 Emma,
1343 4011 1602 4118 preciosimul-
1611 4028 1655 4090 et
1663 4011 1975 4090 societatenostri

559 4144 776 4227 monasterii
798 4159 961 4252 acceptu,
983 4142 1174 4221 dederunt-
1190 4143 1332 4221 Sancte
1349 4140 1524 4219 Trinitati
1539 4140 1874 4249 jure-hereditario
1894 4171 1976 4220 om·

559 4277 665 4352 nium
687 4293 899 4356 nostramm
919 4301 1047 4355 rerum
1066 4301 1136 4382 per
1152 4291 1290 4357 terram
1310 4270 1367 4350 rel
1388 4299 1521 4380 aquam
1542 4273 1836 4350 commeantium
1854 4273 1977 4353 theio·

558 4432 693 4496 neum,
714 4433 780 4483 seu
800 4404 1336 4511 consuetudinesomnesquae
1351 4400 1423 4480 sihi
1436 4400 1700 4508 omnpotebarrt
1713 4402 1771 4480 vel
1788 4403 1976 4509 adipsum
2083 4422 2087 4430 ’

559 4551 720 4613 castrum
744 4539 987 4616 Ver-nonense
1007 4534 1212 4643 pertinent
1241 4534 1350 4612 Facto
1376 4548 1435 4612 eet
1458 4531 1537 4611 hec
1561 4534 1758 4612 conventio
1784 4561 1806 4610 e
1832 4533 1976 4612 domno

557 4665 696 4745 abbate·
710 4665 885 4745 Rainerio
900 4664 941 4743 in
960 4664 1120 4772 predicti
1132 4664 1246 4746 -mtn‘
1267 4663 1367 4758 imo,
1388 4660 1459 4741 siris
1478 4660 1626 4742 idoneis
1643 4663 1820 4751 testibus,
1838 4661 1976 4770 quibus

557 4799 670 4877 etism
700 4799 837 4878 obnixe
864 4797 1084 4909 petentibus·
1102 4793 1423 4905 proiamsabbrs,
1453 4822 1527 4902 pro·
1548 4793 1834 4874 confirmatione
1863 4794 1975 4900 hujus
