4478 5842
816 495 981 570 INDEX
999 495 1234 568 CAPITUM.
1637 525 1738 574 xxxxv
1805 486 1815 503 ⁵

324 641 418 706 XXX.
443 643 492 706 De
506 649 611 704 morte
627 637 808 704 Erlxenbodi
828 649 861 703 et
883 638 922 704 de
936 637 1129 703 successione
1149 634 1325 709 Waimar‘i,
1344 644 1377 701 et
1397 634 1562 722 privilegio
1579 636 1645 700 Hil·
1726 632 1728 634 ’

369 751 466 815 dorici
472 796 1554 818 ................................................
1573 749 1646 833 Pag.
1697 752 1739 815 50

324 863 431 928 XXXI.
456 861 626 950 Exemplar
641 862 799 949 privilegii
815 860 967 926 Hilderici
984 861 1081 945 regis.
1097 856 1116 924 Ῑ
1121 907 1642 927 .......................
1685 863 1737 952 Ἰδι

324 974 446 1040 XXXII.
471 977 519 1039 De
541 983 645 1038 morte
666 972 827 1042 Waimari
850 982 883 1037 et
899 971 1093 1037 successione
1114 968 1281 1065 Nantharii
1307 968 1445 1041 abbatis,
1470 977 1503 1035 et
1524 967 1565 1033 de
1585 969 1647 1035 lto-

269 1105 280 1115 '
369 1084 536 1151 kashemo.
560 1130 1640 1153 ...............................................
1698 1084 1740 1147 53

323 1194 458 1262 ΧΧΧΠΙ.
483 1195 632 1262 Traditio
651 1195 764 1261 Felicis
784 1194 825 1260 de
846 1192 1059 1258 Hrolrashemo
1072 1240 1523 1258 ....................
1534 1195 1547 1258 ’.
1563 1244 1570 1258 .
1587 1244 1593 1257 .
1664 1192 1740 1258 ltu.

323 1306 461 1374 XXXIV.
484 1311 532 1372 De
556 1317 661 1371 morte
681 1303 831 1371 Hilderici
854 1314 887 1367 et
906 1304 1059 1367 unctione
1080 1301 1226 1390 Pippini,
1246 1311 1280 1365 et
1300 1300 1340 1365 de
1359 1312 1463 1366 morte
1481 1299 1649 1367 Nantharii
1763 1364 1765 1368 .

371 1417 510 1490 abbatis,
529 1428 562 1482 ct
574 1418 768 1482 successione
779 1413 951 1486 Dadberti,
962 1424 995 1479 et
1010 1414 1049 1478 de
1066 1412 1228 1500 Stephano
1241 1434 1321 1501 papa
1330 1462 1453 1478 ......
1470 1442 1477 1476 ;
1494 1462 1641 1481 .......
1698 1420 1741 1482 55

323 1526 448 1593 XXXV.
474 1529 520 1592 De
534 1529 695 1593 Dadberto
714 1526 829 1589 abbate
838 1572 1641 1593 ...................................
1697 1529 1740 1592 56

324 1636 460 1704 XXXVI.
486 1640 534 1703 De
547 1658 723 1701 successore
734 1635 889 1701 Dadberti
902 1634 1081 1705 Hardrado,
1092 1635 1221 1707 abbate,
1231 1645 1265 1698 et
1276 1633 1317 1699 de
1331 1654 1507 1699 successore
1517 1634 1648 1724 Pippini

370 1746 501 1818 Xarolo,
519 1746 586 1809 filio
602 1748 681 1832 ejus,
696 1757 729 1811 ct
741 1746 906 1834 privilegio
920 1748 1007 1833 quod
1019 1747 1173 1812 concessit
1182 1745 1260 1809 huic
1273 1744 1343 1811 loco
1352 1794 1641 1818 .............
1697 1750 1740 1835 57
1757 1766 1760 1772 ’

324 1857 474 1922 XXXVII.
497 1857 669 1944 Exemplar
683 1857 829 1944 ejusdcm
848 1858 1004 1946 privilegii
1008 1906 1640 1924 ............................
1663 1860 1740 1924 tttt.

324 1968 487 2034 XXXVIII.
512 1968 642 2055 Emptio
656 1968 802 2053 ejusdem
817 1967 941 2033 abbatis
953 1968 993 2034 de
1004 1966 1205 2034 Rokashemo
1214 2016 1640 2036 ...................
1698 1977 1739 2056 59

323 2079 462 2143 XXXIX.
486 2078 660 2165 Exemplar
672 2080 823 2165 ejusdem·
832 2081 1006 2166 emptionis
1009 2128 1174 2147 ........
1181 2119 1183 2123 >
1190 2128 1641 2148 ...................
1664 2082 1740 2147 lbtd.

323 2189 387 2253 XL.
412 2192 461 2254 De
473 2189 637 2277 emptione
653 2189 823 2262 Hardradi,
841 2190 965 2255 abbatis
976 2191 1016 2256 de
1026 2189 1229 2277 Loninghem
1237 2238 1640 2258 ..................
1698 2196 1740 2258 6ο

322 2301 400 2365 XLI.
426 2301 597 2387 Exemplar
613 2301 757 2387 ejusdem
774 2302 948 2388 emptionis
956 2349 1362 2370 ..................
1368 2336 1370 2339 ·
1378 2349 1643 2368 ............
1663 2302 1740 2367 lbt'd.

323 2415 415 2487 XLII.
440 2414 535 2494 Quod
546 2425 579 2478 et
593 2413 819 2500 Fresingehem
834 2415 951 2480 emerit
958 2462 1640 2481 ..............................
1699 2418 1738 2481 62

322 2527 429 2590 XLIII.
454 2527 625 2613 Exemplar
640 2538 725 2591 carte
737 2527 881 2616 ejusdem
897 2526 1071 2611 emptionis
1072 2572 1638 2592 .........................
1663 2526 1739 2590 ibid.

321 2637 428 2702 XLIV.
452 2639 499 2702 De
516 2637 664 2702 Odlando
676 2637 808 2709 abbate,
826 2646 860 2700 et
874 2636 1039 2722 privilegio
1051 2634 1159 2700 Karoli
1171 2635 1268 2719 regis.
1284 2684 1292 2698 .
1307 2684 1321 2696 ..
1331 2681 1641 2700 ..............
1697 2638 1739 2699 63

322 2747 415 2812 XLV.
439 2749 609 2836 Exemplar
624 2747 783 2833 privilegii
799 2745 908 2811 Karoli
926 2744 1008 2832 regis
1024 2745 1065 2810 de
1076 2745 1245 2809 venatione
1257 2745 1427 2811 silvarum.
1443 2784 1473 2810 ..·
1489 2795 1637 2813 .......
1661 2746 1739 2812 ibid.

320 2853 427 2922 XLVI.
453 2856 601 2920 Traditio
613 2855 749 2920 Deodati
762 2855 868 2921 clerici
884 2857 923 2921 de
939 2857 1034 2921 rebus
1050 2855 1131 2920 inira
1142 2856 1346 2921 nominandis
1354 2904 1641 2923 .............
1697 2861 1739 2924 65

320 2966 441 3045 XLVII.
467 2967 637 3054 Exemplar
653 2979 738 3032 carte
750 2968 848 3054 hujus
860 2966 1040 3033 traditionis
1049 3006 1639 3039 ...........................
1661 2969 1739 3036 lbid.

320 3077 454 3143 XLVlll.
479 3080 527 3142 De
541 3077 649 3143 labore
661 3079 805 3165 ejusdem
818 3077 957 3144 Odlandi
968 3079 1092 3144 abbatis
1104 3079 1187 3143 circa
1199 3079 1310 3145 villam
1323 3103 1387 3168 qne
1395 3080 1515 3146 dicitur
1523 3079 1646 3147 amos.
1682 3083 1738 3164 .67

320 3188 429 3253 XLIX.
454 3191 502 3253 De
523 3188 697 3253 Nanthario
714 3190 861 3277 juniore,
875 3201 909 3254 et
923 3189 964 3255 de
976 3189 1127 3256 unctione
1139 3191 1247 3257 Karoli
1265 3191 1481 3279 imperatoris,
1504 3202 1537 3257 et
1557 3214 1645 3280 emp-

368 3300 455 3365 tione
471 3300 618 3386 ejusdem
635 3300 758 3365 abbatis
775 3300 814 3364 de
829 3300 979 3366 Elitrinio
982 3350 1171 3369 .........
1182 3292 1197 3368 ¹.
1212 3352 1639 3370 ...................
1697 3307 1738 3370 68

320 3413 358 3476 L.
382 3411 553 3497 Exemplar
568 3411 713 3497 ejusdem
726 3410 898 3499 emptionis
910 3412 960 3477 vel
973 3411 1167 3478 venditionis
1169 3461 1638 3480 .....................
1661 3416 1738 3481 lbid.

321 3523 371 3587 LI.
396 3521 543 3586 Traditio
558 3523 731 3588 Lebtrudis
747 3524 787 3588 de
804 3523 903 3589 Gisna
911 3572 1337 3594 ...................
1343 3564 1345 3569 >
1353 3572 1639 3591 .............
1696 3547 1738 3607 70

320 3633 385 3699 Lll.
410 3634 581 3721 Exemplar
601 3634 746 3722 ejusdem
763 3635 944 3700 traditionis
953 3683 1639 3706 ..............................
1661 3635 1738 3702 lbid.

321 3743 399 3809 Llll.
425 3747 473 3811 De
490 3745 663 3811 traditione
678 3745 848 3831 cujusdam
863 3747 1007 3812 Folberti
1024 3747 1064 3813 de
1082 3748 1272 3836 Campanias
1281 3797 1638 3819 ................
1682 3759 1735 3831 '71

321 3855 399 3921 LIV.
424 3856 594 3943 Exemplar
606 3858 750 3945 ejusdem
762 3857 960 3925 traditionis.
977 3880 1011 3925 ..⁴
1025 3909 1639 3933 ...........................
1696 3881 1735 3943 72

324 3965 432 4051 [LlV⁸.
457 3969 506 4032 De
523 3968 696 4033 traditione
709 3968 783 4033 ville
796 3966 966 4053 Calmont]
976 4018 1638 4041 .............................
1696 3975 1737 4055 73

321 4077 387 4145 LV,
411 4078 459 4140 De
475 4087 579 4140 morte
596 4078 703 4141 Karoli
720 4077 817 4162 regis,
831 4089 1042 4164 cognomento
1060 4080 1181 4166 Magni,
1197 4093 1231 4146 et
1242 4083 1438 4150 successione
1454 4085 1636 4151 Hludovici.
1659 4085 1737 4151 lttt

310 4185 401 4261 LVI.
426 4186 474 4249 De
489 4186 652 4274 Eridogiso
669 4189 782 4254 abbate
791 4238 1637 4262 .....................................
1695 4199 1738 4277 7lt

210 4302 218 4323 '
322 4295 415 4361 LVII.
440 4296 488 4364 De
517 4299 682 4386 privilegio
704 4300 872 4367 Hludovici
895 4302 993 4388 regis,
1020 4315 1053 4368 et
1079 4305 1245 4370 venatione
1275 4306 1427 4371 silvarum
1459 4307 1646 4372 monasterii

369 4405 479 4473 sithiu
487 4458 1473 4488 ...........................................
1483 4480 1486 4485 ,
1490 4468 1637 4487 .......
1695 4424 1737 4501 75

322 4517 428 4583 LVIII.
453 4519 622 4607 Exemplar
633 4522 776 4607 ejusdem
788 4523 945 4611 privilegii
955 4575 1637 4598 ..............................
1695 4533 1737 4612 76

322 4628 401 4694 LIX.
425 4632 474 4695 De
486 4631 651 4720 privilegio
663 4635 807 4722 ejusdem
824 4637 904 4723 regis
920 4636 960 4702 de
973 4624 1168 4704 'monasterio
1187 4640 1311 4717 Sithiu,
1331 4655 1475 4732 tempore
1490 4641 1644 4730 Fridogisi

369 4740 512 4806 abbatis.
535 4794 1635 4821 ................................................
1676 4771 1734 4832 Δ77
