4478 5842
586 487 711 559 PARS
745 374 918 558 Alte.
935 484 1254 574 -FOLQUlNl
1282 484 1372 558 LIB.
1400 491 1450 559 ΙΙ.
1660 485 1728 559 lto

310 628 507 706 audientes
523 627 669 718 fratres,
687 657 772 704 cum
791 628 926 732 raptim
947 656 1045 703 unus
1061 626 1340 715 eucharistiam,
1359 628 1453 702 alter
1472 642 1628 701 sacratas
1642 627 1731 701 reli·
1758 662 1764 673 ·

309 758 413 864 quias
428 758 567 834 afferre·
576 775 813 844 conarentur,
828 784 917 834 eece
934 754 1028 833 a'lter
1043 759 1148 833 adest
1163 757 1338 842 nuntius,
1362 758 1489 832 dicans
1502 758 1555 831 eis
1567 784 1614 830 ne
1628 754 1730 830 solli-

308 891 522 980 citarentur,
547 890 726 993 quoniam
749 889 868 964 isdem
895 888 1090 993 presbiter,
1107 906 1235 964 sancto
1262 888 1318 964 illi
1339 888 1556 964 Audomaro
1578 887 1730 993 dignam

308 1021 549 1125 blaspbemiae
567 1048 705 1125 penam
725 1021 925 1109 reddente,
947 1020 1152 1096 terminum
1173 1020 1366 1122 praesentis
1385 1019 1533 1096 fecisset
1547 1019 1640 1093 vitae.
1657 1017 1731 1093 Co-

191 1242 192 1246 ,
307 1153 410 1258 guito
431 1169 556 1228 antem
579 1153 667 1242 boc,
681 1150 812 1256 populi
831 1150 1001 1254 undique
1022 1151 1069 1225 ad
1090 1148 1283 1225 ecclesiam
1304 1168 1593 1239 concurrerunt,
1619 1166 1656 1223 et
1679 1149 1732 1223 la·

308 1282 445 1358 cultate
465 1311 538 1386 qua
563 1297 737 1387 poterant
763 1281 939 1385 reliquias
962 1296 1104 1356 sanctas
1129 1280 1418 1357 honoraverunt.
1441 1280 1577 1354 Partim
1603 1296 1730 1353 autem

308 1438 484 1516 prospere
500 1439 569 1517 pro
582 1412 723 1517 quibus
733 1427 910 1487 venerant
922 1410 1133 1515 adquisitis,
1150 1410 1361 1486 ecclesiam¹
1376 1412 1414 1484 in
1429 1410 1614 1486 Frelrenas
1630 1405 1731 1516 regia

310 1540 514 1645 donatione
526 1558 689 1647 recepta,
706 1568 792 1616 cum
810 1540 1006 1645 reliquias²
1021 1542 1134 1614 sancti
1152 1541 1200 1615 ad
1216 1541 1365 1644 propria
1382 1557 1471 1615 sunt
1484 1539 1633 1614 revomi.
1648 1538 1730 1614 Sub

307 1698 406 1744 anno
422 1687 546 1746 autem
562 1671 759 1746 dominicae
774 1670 974 1745 nativitatis
993 1694 1213 1756 ococcauu„
1232 1670 1296 1773 qui
1314 1688 1393 1746 erat
1405 1697 1526 1745 annus
1536 1668 1730 1775 regiminis

306 1800 447 1903 praefati
464 1799 609 1878 abbatis
625 1828 661 1896 1.,
680 1801 971 1907 gloriosissimus
990 1828 1053 1874 rex
1070 1799 1362 1876 occidentalium
1384 1801 1613 1875 Francorum
1635 1798 1728 1875 Hlu-

217 1946 221 1951 '
307 1930 463 2007 dovicus
486 1932 678 2008 decessita
699 1931 850 2021 saeculo,
877 1947 914 2006 et
935 1931 1080 2020 Remis,
1101 1931 1141 2005 in
1165 1931 1394 2007 monasterio
1413 1931 1528 2006 sancti
1547 1929 1725 2037 Remigii,

306 2078 362 2135 est
375 2061 586 2137 tumulatus
602 2088 667 2137 1111.
687 2062 772 2139 idus
788 2061 1022 2166 septembris.
1039 2061 1110 2138 Cui
1125 2061 1164 2135 in
1181 2089 1297 2168 regno
1318 2061 1493 2136 successit
1506 2060 1608 2137 filius
1629 2061 1724 2166 ejus,

305 2191 429 2266 adbuc
450 2219 555 2297 puer,
580 2191 785 2284 Hlotarius,
801 2218 852 2268 m.
872 2193 958 2269 idus
973 2191 1203 2279 novembris,
1226 2191 1265 2265 in
1285 2219 1411 2296 regem
1428 2190 1475 2266 ab
1496 2189 1651 2266 Artaldo
1671 2219 1726 2265 ar·

305 2319 525 2425 chipraesule
546 2321 741 2397 Remensis
761 2321 936 2399 aecclesiae'
953 2339 1202 2398 consecratus.

363 2450 462 2556 [Sub
479 2476 557 2558 quo
577 2452 797 2556 Amulphus
823 2481 968 2543 comes,
994 2470 1032 2530 et
1050 2453 1249 2530 Sithiensis
1267 2452 1445 2542 ecclesiae,
1473 2469 1657 2556 quantum
1677 2453 1725 2529 ad

303 2583 530 2687 temporale,
549 2564 841 2672 administrator,
864 2582 1101 2690 privilegium
1118 2583 1333 2659 emunitatis
1353 2581 1724 2687 confirmationisque

302 2709 490 2787 bonomm
516 2741 536 2787 a
564 2712 765 2816 semetipso
787 2713 980 2800 datorum,
1004 2729 1042 2787 et
1056 2712 1235 2816 deinceps
1254 2712 1539 2800 donandorum,
1563 2711 1654 2787 item
1677 2713 1724 2786 de

297 2841 446 2947 justicia
467 2870 579 2946 quam
602 2842 808 2919 debeamus
829 2843 970 2919 babere
995 2843 1034 2919 in
1059 2841 1238 2920 omnibus
1260 2842 1369 2932 locis,
1393 2841 1531 2918 nostris
1553 2842 1725 2946 impetra·

302 2971 368 3060 vit,
393 2971 602 3047 secundum
619 2973 716 3050 hanc
738 2973 898 3049 formam
919 2956 993 3079 que
1017 2973 1078 3049 bic
1098 2971 1342 3050 verbotenus
1361 2971 1571 3078 inseritur]

757 3229 908 3269 assitam
929 3227 1088 3271 salmacis
1112 3228 1277 3269 turmam.

312 3398 317 3408 ·
359 3364 427 3440 «ln
457 3365 613 3442 nomine
639 3384 764 3445 sancte
799 3386 836 3445 et
870 3370 1065 3449 individue
1100 3369 1304 3444 Trinitatis.
1343 3368 1563 3455 Lotharius,
1599 3367 1722 3442 divina
1754 3380 1958 3450 rinnau-9⁶¹·

266 3568 272 3581 ,
301 3494 499 3571 ordinante
532 3497 786 3590 Providentia,
822 3527 885 3574 rex
916 3501 1158 3577 Francorum.
1193 3500 1292 3578 Cum
1326 3496 1418 3573 locis
1446 3497 1573 3572 divino
1602 3495 1721 3573 cultui

299 3627 536 3732 mancipatis,
559 3628 609 3704 ob
631 3629 755 3705 divine
776 3630 962 3706 servitutis
984 3659 1169 3721 amorem,
1191 3657 1303 3734 opem
1319 3654 1523 3737 congruam
1544 3626 1719 3718 fecimus,

299 3753 535 3861 imperialem
556 3762 724 3866 prolecto
741 3790 887 3838 morem
904 3760 1085 3839 decenter
1099 3760 1332 3866 implemus,
1344 3777 1383 3837 et
1400 3759 1511 3836 nobis
1526 3759 1574 3834 ad
1593 3787 1723 3835 remu·

299 3888 504 3964 nerationis
529 3908 657 3967 eterne
683 3893 826 3996 premia
847 3893 1075 3996 capescenda
1100 3892 1340 3998 profuturum
1370 3891 1479 3966 firma
1501 3888 1724 3966 credulitate

300 4017 539 4096 confidimus.
562 4021 704 4096 ldcirco
719 4037 854 4097 notum
875 4021 1145 4098 essevolumus
1163 4021 1341 4098 omnibus
1361 4020 1556 4111 fidelibus,
1579 4038 1618 4097 et
1635 4049 1721 4097 nos-

299 4146 365 4222 tris
381 4151 619 4253 presentibus
634 4151 776 4228 scilicet
799 4165 836 4228 et
851 4151 1006 4245 bituris,
1026 4151 1355 4259 quiavenerabilis
1370 4150 1723 4257 Arnnlpbus,·mar-

299 4275 384 4353 chio
402 4277 590 4386 abbasque
609 4309 652 4358 ex
668 4281 897 4360 monasterio
918 4282 1067 4359 cenobii
1079 4281 1228 4374 ‘Sithiu,
1246 4280 1350 4388 quod
1367 4281 1553 4358 est·situm
1567 4281 1607 4356 in
1626 4309 1721 4390 pago
1774 4340 1786 4353 .

298 4409 549 4501 Taruanensi,
567 4430 823 4490 constructum
841 4414 1042 4491 inhonore
1065 4431 1189 4492 sancte
1204 4413 1273 4492 Dei
1292 4411 1483 4521 genitricis
1498 4440 1721 4520 semperque

298 4538 451 4644 uirginis
473 4540 607 4648 Marie,
630 4560 678 4620 et·
690 4545 949 4649 apostolorum
970 4544 1070 4621 Petri
1096 4562 1133 4621 ct
1153 4544 1274 4636 Pauli,
1291 4544 1332 4620 in
1355 4572 1431 4651 quo
1456 4571 1612 4649 corpora
1632 4543 1723 4619 bea-

297 4680 423 4745 torum
433 4671 697 4752 'confessorum
719 4673 925 4753 Audomari
946 4692 1059 4783 atque
1072 4676 1215 4759 Bertini
1237 4676 1494 4783 requiescunt,
1515 4672 1585 4751 ubi-
1604 4674 1722 4750 eciam

340 4820 429 4897 '‘Sie.
555 4820 605 4835 ⁵¹
695 4822 698 4833 ’
785 4844 790 4851 “
980 4820 1189 4905 ''Sic‘t
