4478 5842
329 481 403 554 220
676 458 1087 559 ounnrunnmun
1114 486 1394 558 strumum.

251 726 257 733 .
327 623 456 727 priscis
466 623 699 727 temporibus
709 624 935 728 possedistis.
951 625 1097 700 Nemini
1108 651 1195 700 vero
1206 623 1415 704 facultassit
1428 625 1528 701 idem
1539 628 1741 725 cenobium
1827 628 1856 682 ’-

243 736 254 747 “
327 771 468 829 temere
494 751 729 855 perturbare,
752 771 816 830 aut
834 778 1057 857 quecunque
1078 753 1194 857 ipsius
1212 770 1302 829 sunt
1328 743 1387 829 vel
1406 754 1564 843 luerint,
1585 757 1742 862 quibus-

327 881 421 956 libet
445 880 716 971 occasionibus,
738 879 903 972 auferre3
921 881 988 956 sed
1005 880 1131 956 omnia
1147 881 1290 988 integra
1313 900 1589 975 conserventur,
1606 912 1738 962 eorum

324 1039 392 1113 pro
407 1038 569 1114 quorum
585 1010 855 1087 sustentatione
872 1027 908 1086 et
922 1010 1194 1115 gubernatione
1209 1037 1379 1087 concessa
1389 1029 1494 1103 sunt,
1513 1010 1643 1091 usibus
1658 1042 1740 1092 om—

323 1137 488 1213 nimodis
508 1138 712 1243 profutura.
728 1139 767 1214 Si
788 1168 861 1244 qua
880 1139 994 1247 igitur
1008 1140 1047 1213 in
1068 1138 1236 1215 futurum
1258 1141 1500 1216 ecclesiastica
1520 1141 1737 1220 secularisve

320 1297 495 1372 persona,
509 1269 604 1343 hanc
614 1286 741 1344 nostre
752 1269 1030 1344 constitutionis
1039 1270 1212 1375 paginam
1223 1269 1352 1358 sciens,
1364 1286 1493 1346 contra
1505 1298 1588 1346 eam
1594 1286 1737 1347 temere

220 1482 225 1488 ¹
320 1397 446 1472 venire
460 1397 712 1500 temptaverit,
728 1395 894 1470 secundo
909 1395 1064 1471 tertiove
1085 1396 1315 1472 commonita
1325 1397 1379 1482 ,si
1398 1425 1475 1473 non
1489 1397 1737 1476 satisfactione

319 1554 492 1633 congrua·
515 1524 788 1610 emendaverit,
818 1521 1008 1628 potestatis
1039 1521 1269 1626 honorisque
1296 1523 1354 1598 sui
1381 1523 1563 1631 dignitate
1599 1544 1734 1619 careat,

320 1682 501 1761 reumque
514 1681 553 1728 se
567 1652 694 1728 divino
709 1651 855 1756 judicio
869 1652 1023 1728 existere
1039 1651 1086 1725 de
1097 1665 1306 1755 perpetrata
1316 1651 1510 1756 iniquitate
1522 1673 1733 1759 cognoscats

319 1801 355 1858 et
375 1812 395 1858 a
419 1780 666 1858 sacratissimo
686 1807 840 1884 corpore
871 1795 908 1855 et
938 1778 1118 1886 sanguine
1136 1778 1207 1854 Dei
1233 1796 1270 1856 et
1291 1779 1446 1855 Domini
1474 1781 1734 1886 Redemptoris

317 1911 434 1988 nostri
450 1914 537 1986 lesu
553 1909 692 1985 Christi
707 1907 827 1983 aliena
838 1907 921 1996 liat,
937 1925 1047 2013 atque
1063 1909 1102 1983 in
1123 1923 1290 1983 extremo
1312 1910 1480 1984 examine
1498 1908 1665 1986 districte
1678 1911 1733 1987 ul·

315 2040 411 2117 tioni
436 2039 634 2143 subjaceat.
649 2037 802 2114 Cunctis
822 2053 946 2113 autem
969 2036 1092 2111 eidem
1114 2036 1198 2113 loco
1219 2039 1320 2143 justa
1344 2039 1575 2114 servantibus
1597 2039 1645 2117 sit
1664 2067 1734 2144 pax

315 2168 469 2244 Domini
493 2168 610 2244 nostri
631 2169 719 2243 lesu
741 2165 896 2250 Christi,
923 2165 1098 2269 quatinus
1122 2183 1158 2240 et
1182 2147 1243 2240 b⁰ic
1265 2165 1428 2242 fructum
1451 2167 1552 2242 bone
1576 2169 1732 2244 actionis

314 2297 537 2403 percipiant,
569 2313 607 2372 et
634 2294 734 2399 apud
757 2294 965 2370 districtum
983 2294 1168 2398 judicem·
1184 2295 1325 2398 premia
1355 2311 1482 2369 eterne
1509 2295 1607 2398 pacis
1626 2289 1749 2372 inve?

313 2425 428 2500 nient.
460 2423 592 2501 Ᾱηιοη.
615 2424 804 2528 Scriptum
818 2450 898 2527 ⁸per
918 2451 1071 2498 manum
1095 2422 1258 2508 Raineri,
1284 2421 1449 2498 scrinarii
1469 2422 1670 2529 regionarii
1693 2420 1732 2502 et

313 2555 447 2630 notarii
469 2555 560 2631 sacri
580 2552 717 2660 palatii.
1718 2655 1722 2662 Ι

243 2720 245 2725 ⁴
368 2685 531 2761 «Datum
549 2683 740 2774 Laterani,
757 2710 824 2787 per
844 2711 998 2759 manum
1021 2682 1219 2771 lobannis,
1243 2699 1368 2759 sancte
1387 2683 1554 2758 Romane
1574 2681 1729 2759 ecclesie

313 2813 460 2887 diaconi
473 2813 671 2889 cardinalis
686 2829 722 2887 et
739 2811 1034 2901 bibliothecarii,
1053 2823 1130 2892 vu1⁰
1142 2812 1213 2888 kal.
1226 2813 1344 2918 junii,
1361 2811 1568 2889 indictione
1587 2811 1730 2888 decima

309 2940 456 3045 quinta,
482 2968 579 3015 anno
603 2941 791 3016 dominice
814 2940 1079 3017 incarnationis
1099 2939 1304 3018 millesimo
1328 2940 1531 3020 centesimo
1550 2940 1727 3043 septimo,

310 3067 547 3171 pontificatus
572 3085 698 3144 autem
728 3068 858 3143 domni
884 3068 1070 3144 Paschalis
1094 3070 1250 3146 secundi
1269 3099 1364 3174 pape
1386 3098 1487 3148 nono
1498 3070 1521 3145 ¹.
1547 3071 1625 3176 Ego
1645 3069 1731 3146 Pas-

317 3195 649 3287 cbalis,catholice
671 3195 826 3273 ecclesie
848 3197 1084 3302 episcopus.»

313 3336 317 3345 ·
1462 3320 1487 3367 ο

865 3470 1041 3542 ,Χ.

387 3626 538 3690 HSMPLAR
560 3647 746 3689 rnnntrtovtvs
766 3615 964 3690 cnnnsnsstnt
988 3646 1026 3687 Μ
1046 3643 1245 3689 suo-Antonio
1267 3645 1297 3685 lli
1320 3643 1405 3685 vrum
1425 3640 1613 3685 LUSTINGBBU
1626 3621 1644 3682 ².

367 3827 435 3901 uln
460 3826 613 3901 nomine
636 3824 753 3900 Patris
778 3842 817 3900 et
835 3823 921 3899 Filii
942 3840 980 3900 et
1002 3821 1164 3929 Spiritus
1184 3814 1321 3898 Sancti.
1343 3821 1422 3927 Ego
1438 3818 1725 3909 Clarenbaldus‚

309 3955 500 4063 cognitum
516 3953 659 4032 habens
674 3954 867 4031 neminem
878 3970 1051 4050 nostrum
1062 3950 1124 4028 hic
1139 3967 1356 4028 manentem
1370 3950 1556 4038 civitatem
1568 3947 1724 4051 habere,

311 4117 353 4163 ex
369 4087 444 4173 his,
462 4113 535 4190 que
552 4083 676 4160 divina
693 4083 811 4190 gratia
828 4082 922 4160 mihi
942 4080 1119 4171 contulit,
1140 4078 1297 4188 dignum
1314 4079 1403 4155 duxi
1417 4095 1563 4156 sanctos
1576 4077 1648 4153 Dei
1665 4076 1727 4155 he·

308 4214 417 4299 redes
441 4213 581 4302 lacere,
604 4212 780 4318 quatinus
804 4211 947 4288 ibidem
972 4209 1223 4314 omnipotenti
1246 4208 1413 4286 Domino
1434 4207 1634 4284 servientes
1655 4233 1725 4311 pro

309 4343 518 4421 excessibus
543 4343 637 4419 meis
665 4343 782 4446 ipsius
799 4339 1043 4416 clementiam
1070 4337 1212 4444 jugiter
1237 4334 1402 4421 debeant
1424 4362 1587 4413 exorare.
1613 4333 1723 4411 Unde

308 4471 484 4548 omnibus
503 4473 573 4549 Dei
588 4471 766 4549 fidelibus
784 4471 995 4577 nostrisque
1012 4459 1171 4574 posteris
1185 4476 1318 4544 notum
1332 4492 1412 4543 esse
1427 4464 1616 4555 volumus,
1634 4488 1723 4570 quo
1850 4472 1854 4477 '

349 4669 357 4699 ¹
382 4671 497 4732 llectius
510 4681 609 4730 octavo.

349 4773 358 4801 ¹
381 4771 455 4833 l'dit.
469 4771 639 4833 allartanu.
655 4769 755 4832 Auecd
768 4782 837 4831 tom.
855 4766 971 4839 1V.ool.
989 4771 1043 4830 132
1059 4790 1100 4850 sq.
