4478 5842
296 463 366 531 170
646 465 1051 538 CHARTL'LARlUM
1079 466 1360 540 SITHIENSE.

292 618 366 676 tate
385 606 555 697 ecclesie,
572 608 729 712 posteris
743 608 979 683 confirmatas
996 607 1246 713 reliquerunt,
1264 624 1308 683 ut
1323 605 1536 683 futurorum
1552 607 1712 695 incuria,

291 736 437 841 cognita
460 765 591 814 eorum
614 739 723 814 vivaci
754 738 951 828 industria,
979 737 1199 815 memoriale
1224 736 1415 815 honorum
1447 765 1604 843 operum
1636 765 1713 812 non

291 865 422 942 lateret
452 869 489 943 in
521 869 655 945 secula.
688 869 836 961 Quibus
865 869 980 944 nichil
1009 897 1176 973 unquam
1208 867 1427 945 naturaliter
1452 868 1609 945 inolevit
1635 884 1711 944 tam

289 996 396 1083 utile,
420 1000 525 1103 quod
553 1000 656 1077 vobis
682 1029 760 1076 uon
788 1000 835 1075 sit
862 999 1103 1105 impressum,
1131 999 1253 1105 quasi,
1282 1015 1325 1075 ut
1346 999 1403 1076 ita·
1418 998 1467 1075 sit
1488 999 1650 1085 dictum,
1671 997 1711 1073 in

289 1155 398 1203 aurea
421 1133 558 1206 summi
577 1132 814 1238 imperatoris
835 1131 1017 1237 imagine,
1040 1129 1219 1235 quodque
1240 1158 1317 1205 non
1343 1129 1390 1204 sit
1408 1129 1568 1236 posteris
1587 1129 1711 1207 omni-

287 1256 359 1332 bus
379 1287 446 1363 per
470 1291 533 1337 vos
555 1262 753 1351 imitabile,
771 1264 908 1367 pieque
932 1260 1186 1337 recolentibus
1213 1260 1370 1366 dignum
1392 1278 1430 1336 et
1450 1258 1709 1338 memorabile.

287 1390 409 1466 Tanto
436 1419 598 1498 namque
628 1420 853 1497 unaqueque
875 1392 989 1466 virtus
1018 1390 1152 1466 clarior
1181 1390 1366 1479 redditur,
1391 1406 1551 1495 quanto,
1574 1388 1711 1466 eodem

287 1521 472 1626 majorum
491 1524 663 1627 exemplo
683 1523 741 1598 vel
762 1522 962 1613 industria,
981 1523 1025 1597 ad
1048 1520 1250 1598 utilitatem
1272 1521 1488 1598 futurorum
1507 1520 1712 1597 studiosius

286 1654 583 1730 commendatur.
600 1656 733 1731 Vestro
755 1655 898 1759 itaque,
912 1655 1016 1759 juxta
1030 1681 1232 1760 congruam
1254 1652 1329 1728 mei
1350 1652 1711 1758 nominisinterpre-

284 1782 482 1874 tationem,
506 1785 666 1890 imperio
688 1784 842 1889 cupiens
863 1811 942 1860 esse
964 1783 1163 1872 obediens,
1186 1811 1402 1889 quanquam
1427 1783 1632 1889 impqens,
1653 1799 1711 1857 ta-

284 1941 372 1986 men
392 1930 435 1989 ut
454 1943 624 2019 possum,
648 1916 686 1990 in
713 1916 784 1991 hoc
807 1914 931 1991 sarens
952 1914 1215 2020 conquinisco;
1239 1915 1390 1991 imitans
1411 1912 1612 2020 quemdam
1635 1911 1708 2003 loci

285 2043 396 2149 hujus
416 2045 645 2134 cenobitam,
669 2044 899 2150 Folquinum
920 2045 1093 2134 nomine,
1114 2046 1200 2151 qui,
1217 2046 1325 2153 jussu
1347 2045 1405 2121 sui
1426 2022 1590 2133 abbatis,
1611 2069 1707 2149 pene
1803 2042 1814 2059 ⁸

284 2174 456 2250 omniurn
473 2176 586 2283 hujus
606 2175 754 2253 cenobii
771 2192 976 2265 rectorum,
994 2205 1014 2251 a
1029 2192 1202 2280 tempore
1219 2174 1441 2251 sanctissimi
1460 2174 1575 2278 patris
1589 2172 1708 2249 nostri

282 2305 426 2382 Bertini
446 2306 604 2384 invicem
624 2306 694 2383 sibi
716 2306 1015 2395 succedentium,
1032 2333 1152 2411 usque
1173 2304 1220 2380 ad
1239 2322 1389 2409 tempus
1411 2302 1541 2380 domni
1561 2302 1708 2380 Adalol·

282 2436 364 2540 phi,
384 2438 449 2544 qui
472 2438 508 2513 in
531 2438 727 2546 cathalogo
751 2444 872 2516 xxv1¹¹¹¹
890 2437 1045 2544 ponitur
1059 2441 1082 2528 ¹,
1104 2435 1371 2542 compendiose
1392 2453 1494 2544 gesta
1514 2452 1706 2543 cartasque

282 2567 452 2676 digessit;
479 2567 666 2675 simulque
691 2569 852 2646 devitam
878 2586 1155 2646 antecessorum
1180 2594 1353 2642 meorum
1378 2566 1603 2671 scriptorum
1628 2580 1707 2642 tor-

281 2727 430 2803 porem,
452 2700 516 2806 qui
541 2704 625 2776 ser²
651 2698 849 2792 abbatum,
872 2729 892 2776 a
915 2698 1033 2776 semel
1058 2698 1160 2775 dicto
1186 2715 1334 2803 pastore
1354 2724 1474 2803 usque
1496 2696 1544 2772 ad
1566 2695 1706 2775 Christi

281 2829 460 2905 athletam
482 2831 726 2921 Rodericum,
755 2792 914 2908 diversr's
932 2829 1170 2936 temporibus
1192 2829 1263 2905 sibi
1284 2827 1587 2916 succedentium,
1614 2826 1708 2904 lacta

267 2936 457 3063 'inscripta
481 2958 726 3065 reliquerunt.
759 2963 810 3038 Ex
837 2961 995 3067 quibus,
1022 2960 1111 3037 licet
1135 2961 1245 3037 nobis
1272 2959 1370 3035 nihil
1395 2959 1443 3034 sit
1471 2976 1708 3064 compertum

278 3091 419 3193 scriptu
439 3088 702 3177 memorabile,
726 3090 829 3165 haud
849 3107 976 3165 tamen
999 3090 1156 3166 dubium
1180 3118 1245 3165 eos
1270 3089 1309 3164 in
1332 3088 1493 3194 suscepti
1514 3088 1708 3196 regiminis

281 3247 364 3293 cura
395 3216 516 3295 nrulto
541 3216 670 3295 labore
697 3218 909 3296 desudasse.
940 3218 1089 3313 Quibus
1116 3219 1280 3308 omissis,
1306 3248 1326 3293 a
1351 3219 1493 3295 domno
1518 3219 1704 3295 Roden'co

280 3349 429 3427 initium
454 3349 644 3426 scribendi
665 3368 872 3441 sumentes,
900 3350 999 3427 illud
1018 3349 1257 3455 potissimum
1285 3376 1482 3424 exoramus
1504 3376 1551 3423 ne
1573 3348 1703 3424 lectori

280 3481 328 3555 sit
354 3481 561 3572 tediosum,
584 3498 670 3587 post
695 3480 828 3558 dubias
853 3479 1071 3557 deliciarum
1099 3479 1241 3585 copias,
1272 3477 1388 3555 eciam
1416 3476 1574 3554 furfurei
1600 3479 1706 3584 panis

280 3611 462 3720 attingere
482 3612 607 3687 micas.

610 3842 721 3885 NOMINA
745 3844 883 3885 rntrnuu
907 3845 1041 3886 Teneone
1063 3842 1201 3884 honestet
1225 3843 1370 3884 Aesaris:

282 3965 445 4032 heduinus,
467 3965 597 4025 decanus
621 3977 649 4027 et
674 3986 828 4032 monacum
850 3965 941 4034 Βονο,
968 3966 1130 4031 suavium
1152 3960 1308 4033 Reinerus,
1328 3961 1504 4031 Winradus,
1533 3963 1704 4034 Vullardus,

848 4071 949 4140 Weso,
972 4068 1115 4132 Gerbodo.

322 4309 539 4394 ¹hdalollusll,
553 4314 583 4373 in
603 4312 699 4374 Gallio
712 4313 960 4393 cln'stiuna‚vige·
1019 4312 1160 4378 Fulcone,
1185 4313 1238 4394 qui
1266 4311 1356 4372 semel
1381 4323 1408 4371 et
1435 4312 1559 4380 iterum,
1583 4312 1703 4373 diversis

278 4415 370 4473 simus
392 4425 511 4474 octavus
538 4413 690 4476 sithiensis
719 4416 846 4476 coenobii
871 4414 961 4475 abbas
1022 4413 1216 4496 temporibus,
1232 4415 1401 4475 monasterii
1420 4415 1551 4497 regimen
1566 4413 1701 4475 obtinuit.
1788 4456 1792 4467 -

279 4527 460 4586 numeratur,
475 4519 547 4601 quia
566 4520 654 4579 series
668 4517 809 4579 abbatum
828 4529 961 4580 asaneto
1061 4515 1273 4578 'pretermisso
1295 4516 1703 4587 Hildebrando.rldelolli11

277 4618 487 4689 Mommottm.
505 4623 597 4683 sancti
616 4621 726 4683 Bertini
741 4623 960 4704 predecessore,
1018 4639 1197 4688 successore.
1220 4619 1271 4701 qui
1297 4630 1363 4681 ante
1387 4619 1517 4681 eundem
1536 4618 1701 4685 hdalollum

277 4722 411 4791 sumitur,
436 4734 467 4784 et
487 4722 594 4807 duplex
619 4725 730 4784 mentio
753 4723 785 4783 lit
807 4723 843 4784 de
862 4735 961 4785 sancto
1019 4721 1109 4817 semel
1124 4725 1189 4807 jam
1212 4720 1334 4783 abbatias
1354 4723 1514 4806 prefuerat.
