4478 5842
313 451 358 524 18
646 449 1069 522 CHARTULARIUM
1104 447 1389 523 SITHIENSE.

309 592 464 669 Domini
478 592 595 668 nostri
605 590 719 669 Jhesu
733 591 873 669 Christi
887 618 933 668 nc
951 617 1031 670 xiv.
1045 596 1073 683 ¹,
1090 591 1155 697 qui
1171 607 1228 668 est
1239 615 1359 666 annus
1373 613 1421 666 xt.
1439 586 1536 696 regis
1550 585 1733 675 Lodovei,

309 723 378 799 lilii
399 722 623 830 Dagoberti,
643 721 820 829 quatinus
838 721 891 798 ibi
916 722 1129 800 coenobium
1141 723 1181 799 in
1191 722 1338 800 honore
1351 720 1530 828 principis
1546 716 1734 825 apostolo·

308 882 393 930 rum
421 870 673 943 construeret,
698 870 735 930 et
759 852 807 929 ad
823 853 997 930 ordinem
1016 855 1099 934 vita
1121 854 1334 932 monasticae
1352 852 1538 959 plurimos
1556 847 1735 927 accende·

309 1000 368 1062 ret
387 985 559 1090 exemplo
585 984 876 1063 conversationis
895 988 1077 1094 propriae3
1100 990 1205 1097 cujus
1223 986 1438 1064 traditionis
1456 980 1648 1089 exemplar
1670 979 1733 1059 bic

309 1114 420 1192 etiam
434 1118 527 1193 scire
547 1117 761 1195 volentibus
773 1145 839 1223 pre
855 1120 974 1195 oculis
984 1118 1188 1196 inscribere
1201 1118 1420 1195 curavimus.

976 1410 1053 1484 lll.

737 1591 890 1632 excurras
912 1591 1100 1633 rnamr1ou1s
1122 1589 1267 1632 annosum
1278 1571 1297 1629 ².

365 1768 566 1847 «Dominis
581 1770 718 1846 sanctis
729 1769 899 1877 patribus
912 1771 1083 1862 Bertino,
1099 1767 1370 1858 Mummolino,
1387 1765 1635 1844 Ebertranno.
1652 1765 1731 1873 Ego

310 1901 348 1975 in
368 1898 438 1976 Dei
468 1900 624 1977 nomine
652 1899 881 1991 Adroaldus,
915 1927 1002 1978 sana
1028 1917 1175 1989 mente,
1201 1924 1367 2004 sanoque
1392 1895 1549 1975 consilio
1579 1895 1732 2003 integrae

307 2031 608 2121 deliberationis,
644 2048 760 2138 prout
792 2032 983 2110 mundana
1013 2049 1162 2136 peccata
1188 2058 1271 2107 mea
1302 2025 1490 2105 illecebris
1521 2025 1732 2133 abstergere

306 2158 494 2239 Dominus
523 2163 711 2270 dignetur,
739 2162 843 2239 dono
872 2162 977 2239 vobis
1005 2189 1159 2237 omnem
1191 2186 1272 2235 rem
1298 2157 1484 2265 portionis
1511 2156 1732 2234 hereditatis

305 2317 397 2366 meae
417 2291 574 2397 in0pag'o
589 2294 843 2382 Taroanense,
865 2291 971 2396 qnod
987 2292 1131 2368 domno
1150 2290 1245 2395 patri
1267 2288 1504 2374 Andomaro,
1525 2285 1731 2392 apostolico

304 2421 399 2509 viro,
423 2414 471 2497 ad
497 2421 773 2499 senodochium
799 2450 909 2499 suum
934 2422 1196 2498 aedificandum
1222 2419 1311 2495 dare
1335 2417 1541 2505 voluimus3
1563 2416 1631 2493 sed
1650 2418 1730 2525 ipse

302 2550 465 2628 salubre·
489 2574 530 2627 ac
559 2551 696 2628 melius
727 2551 925 2629 consilium
958 2552 1069 2629 nobis
1099 2550 1270 2642 donavit,
1296 2564 1340 2625 ut
1364 2549 1482 2654 ipsam
1509 2573 1591 2623 rem
1625 2547 1731 2625 vobis

305 2681 534 2787 delegarem,
560 2699 603 2758 ut
631 2682 684 2758 ibi
713 2683 981 2760 monasterium
1014 2685 1052 2759 in
1082 2683 1268 2759 honorem
1292 2680 1408 2758 sancti
1432 2679 1532 2755 Petri
1552 2679 1730 2786 principis

304 2808 561 2914 apostolorum
583 2827 798 2886 construere
819 2812 1006 2901 debeatis,
1028 2814 1077 2890 ad
1105 2812 1399 2890 conversandum
1428 2808 1641 2900 monachis,
1661 2810 1730 2887 ubi

304 2938 402 3012 beati
424 2966 605 3043 pauperes
629 2939 762 3042 spiritu
779 2933 825 3014 ¹et
856 2939 1051 3016 domestici
1078 2941 1167 3016 fidei
1189 2942 1343 3017 adunari
1367 2939 1546 3028 debeant,
1567 2969 1729 3046 quorum

304 3096 412 3143 voces
439 3067 577 3144 cotidie
599 3069 650 3143 ad
669 3096 778 3146 aures
801 3071 955 3147 Domini
978 3099 1178 3174 personare
1199 3088 1422 3162 noscuntur,
1450 3099 1613 3176 quorum
1635 3073 1730 3177 peti-

305 3198 428 3274 tiones
447 3198 634 3276 Dominus
654 3200 760 3276 audit
778 3217 815 3276 et
829 3200 974 3305 implet.
990 3202 1193 3305 Propterea
1208 3201 1314 3278 vobis
1333 3201 1373 3275 in
1392 3200 1543 3277 Christo
1560 3201 1728 3307 patribus

306 3330 419 3420 dono,
432 3359 499 3436 per
512 3330 609 3406 hanc
627 3328 822 3436 epistolam
839 3317 1063 3419 donationis,
1081 3332 1119 3407 in
1134 3360 1229 3438 pago
1238 3333 1489 3423 Tarnanense,
1502 3332 1627 3409 villam
1639 3363 1730 3440 pro-

303 3461 469 3565 prietatis
488 3489 581 3538 meae
598 3481 838 3568 nuncupante
859 3462 996 3551 Sitdiu,
1012 3491 1124 3569 supra
1138 3463 1294 3540 fluvium
1313 3461 1501 3570 Agniona,
1523 3460 1729 3543 cumomni

303 3591 440 3667 merito
461 3619 547 3684 suo,
569 3592 628 3668 vel
649 3593 883 3700 adjacentiis,
905 3622 972 3671 seu
992 3594 1219 3700 aspicientiis
1244 3595 1361 3700 ipsius
1377 3592 1484 3672 villae.
1507 3595 1593 3672 Haec
1616 3614 1728 3675 sunt:

303 3719 389 3799 villa
413 3721 685 3828 Magnigeleca,
705 3723 905 3814 VViciaco,
927 3727 1085 3833 Tatinga
1105 3725 1209 3817 villa,
1237 3726 1415 3814 Amnei0,
1438 3726 1574 3815 Maste,
1601 3726 1731 3807 Fabri-

304 3849 420 3941 cinio,
438 3851 680 3942 Losantanas,
698 3868 736 3929 et
747 3853 807 3930 Ad
819 3854 1010 3933 Fundenis
1031 3856 1268 3949 seu‘Malros,
1290 3855 1457 3947 Alciaco,
1477 3856 1728 3967 Laudardiaca

302 3979 404 4071 villa,
421 3983 665 4075 Franciliaco,
682 4014 768 4062 cum
783 3988 887 4065 omni
903 3988 1039 4066 merito
1059 4015 1210 4081 eorum;
1228 4018 1313 4066 cum
1329 3989 1520 4077 domibus,
1543 3988 1725 4083 adificiis,
1744 3988 1749 3997 ’

301 4112 411 4188 terris
431 4113 540 4191 cultis
562 4133 600 4192 et
615 4115 786 4208 incultis3
809 4121 1022 4197 mansiones
1036 4150 1121 4196 cnm
1141 4120 1255 4209 silvis,
1278 4121 1413 4226 pratis,
1436 4121 1594 4226 pascuis,
1622 4122 1728 4228 aquis

199 4234 203 4253 ’
302 4270 526 4347 aquarumve
548 4234 785 4337 decursibus,
807 4278 870 4324 seu
893 4250 1093 4341 farinariis,
1117 4250 1331 4356 mancipiis,
1354 4249 1571 4343 acculabus3
1596 4276 1728 4359 greges

304 4399 389 4447 cum
401 4374 632 4477 pastoribus,
646 4375 871 4470 mobilibus,
894 4379 1166 4472 immobilibus,
1188 4380 1248 4458 vel
1267 4378 1501 4486 quibuslibet
1519 4381 1724 4460 beneficiis.

303 4505 388 4578 Haec
414 4505 540 4580 omnia
558 4504 662 4583 vobis
687 4507 733 4581 ad
763 4508 951 4616 integrum
970 4513 1079 4589 trado
1100 4530 1210 4619 atque
1228 4511 1443 4590 transfirmo
1467 4530 1510 4589 ut
1533 4512 1724 4605 habeatis,
1751 4520 1766 4573 -”’

347 4660 363 4714 ¹⁸
378 4688 496 4748 Rectius
514 4711 539 4748 a.
563 4690 625 4757 aas
645 4703 703 4751 aut
717 4693 897 4787 insequenti,
912 4688 1004 4781 quos
1085 4697 1094 4727 ²
1117 4698 1216 4760 Edidit
1230 4698 1355 4767 Mirans,
1377 4700 1459 4780 Oper.
1480 4700 1588 4780 diplom.
1612 4712 1680 4759 tom.
1699 4700 1725 4768 l,

303 4814 372 4852 cum
387 4791 544 4854 Chlodovei
561 4816 655 4856 annus
669 4816 698 4856 ιι
715 4800 858 4858 convenit.
1043 4821 1106 4881 pag.
1124 4825 1151 4882 7.
