4478 5842
617 438 1379 574 rnnsrirtn.-ronou1nrrrs.
1406 486 1433 556 1.
1691 490 1735 560 si
1796 464 1798 466 ’

195 715 198 719 .
323 625 458 717 Sithiu,
476 641 588 732 atque
602 625 776 733 emptori.
791 622 1147 732 EgoVValdbertus‚
1160 624 1344 716 venditor,
1358 596 1534 732 perhanc
1545 627 1741 732 epistolam

320 756 549 834 venditionis
566 772 710 833 constat
727 784 789 832 me
808 783 886 833 non
908 755 1128 864 imaginario
1146 756 1251 864 jure,
1274 756 1341 834 sed
1359 759 1519 865 propriae
1542 758 1743 836 voluntatis

323 885 495 977 arbitrio,
519 885 624 963 vobis
645 884 704 961 vel
724 884 953 992 monasterio
972 901 1100 962 vestro·
1117 884 1244 962 Sithiu
1267 886 1499 980 vendidisse,
1523 905 1561 965 et
1579 887 1629 965 ita
1653 916 1743 964 ven-

325 1015 459 1094 didi'et
472 1016 521 1093 de
533 1015 698 1122 presenti
710 1011 869 1105 tradidi,
886 994 960 1090 hoe
976 1028 1047 1104 est,
1063 1041 1216 1091 omnem
1231 1036 1313 1091 rem
1329 1017 1514 1122 portionis
1529 1047 1633 1109 meae,
1652 1000 1743 1095 duas

250 1148 254 1160 '
323 1160 462 1254 partes,
481 1147 521 1223 in
542 1143 626 1224 loco
649 1159 890 1249 nuncupante
909 1143 950 1218 in
970 1143 1286 1261 Loningaheimo,
1308 1146 1347 1221 in
1368 1160 1466 1255 pago
1483 1151 1741 1239 Bononiense,

324 1275 365 1352 id
380 1294 448 1367 est,
464 1293 544 1354 tam
555 1273 684 1364 terris,
700 1271 851 1363 mansis,
870 1270 1041 1360 casticiis,
1057 1272 1289 1379 mancipium
1305 1300 1330 1364 r,
1348 1277 1503 1373 nomine
1519 1276 1742 1370 Blidinarus‚

326 1434 414 1483 cum
429 1403 535 1482 omni
551 1402 692 1481 etnelrae
707 1417 745 1478 et
761 1399 940 1507 peculiari
956 1428 1037 1490 suo,
1053 1403 1180 1507 pratis,
1197 1399 1308 1494 silvis,
1326 1407 1483 1510 pascuis,
1502 1410 1743 1498 communiis,

325 1534 461 1642 perviis
487 1551 524 1611 et
548 1531 798 1636 wadriscapis3
831 1529 957 1606 omnia
991 1547 1029 1606 et
1056 1558 1100 1606 ex
1118 1531 1321 1643 omnibus,
1356 1563 1435 1611 rem
1466 1536 1726 1643 inexquisitam
1735 1549 1749 1628 ‚'

325 1680 450 1743 totum
470 1661 519 1738 ad
541 1659 839 1767 integrum‚.hoc
867 1657 976 1735 vobis·
995 1657 1054 1736 vel
1079 1662 1308 1738 monasterio
1328 1679 1451 1740 vestro
1471 1663 1615 1756 Sithiu,
1638 1695 1658 1741 a
1684 1667 1745 1742 die

326 1789 761 1902 presenti‚vendo‚trado
774 1805 886 1895 atque
897 1786 1112 1867 transfirmo
1123 1791 1396 1896 perpetualiter
1405 1791 1452 1868 ad
1461 1794 1744 1900 possidendum.

327 1922 436 1999 Unde
456 1921 580 2029 accepi
600 1949 621 1997 a
640 1919 745 1997 vobis
770 1918 818 1995 de
845 1915 960 1995 rebus
978 1920 1196 1997 monasterii
1220 1922 1350 2014 vestri,
1373 1951 1441 2027 pro
1457 1923 1536 2031 jam
1566 1925 1662 2003 dicta
1689 1957 1745 2016 re,

328 2051 455 2158 precio
473 2066 596 2128 taxato
612 2036 671 2126 vel
693 2048 799 2139 dato,
818 2049 860 2124 in
877 2075 953 2155 quo
973 2049 1068 2135 mibi
1088 2048 1188 2126 bene
1204 2047 1450 2155 complacuit,
1472 2054 1545 2130 hoc
1563 2072 1634 2146 est,
1649 2057 1748 2133 inter

308 2234 311 2238 -
328 2210 464 2259 aurum
482 2199 520 2289 et
533 2197 746 2291 argentum,
764 2178 908 2256 solidos
920 2205 962 2257 cc
974 2197 1121 2257 tantum
1133 2211 1142 2269 ς
1156 2179 1209 2256 ita
1223 2164 1281 2272 ut,
1293 2180 1340 2256 ab
1354 2181 1424 2257 bac
1441 2182 1513 2272 die,
1529 2184 1645 2288 ipsam
1665 2215 1747 2261 rem

329 2312 500 2417 superius
519 2289 763 2400 nominatam,
779 2309 839 2388 vel
859 2335 1091 2388 successores
1108 2310 1232 2399 vestri,
1255 2310 1437 2398 babeatis,
1458 2312 1617 2388 teneatis
1636 2330 1747 2418 atque

328 2440 561 2549 possideatis,
576 2440 827 2548 velquioquid
843 2439 977 2517 exinde
990 2437 1110 2540 iacere
1123 2418 1330 2532 volueritis,
1344 2438 1502 2517 liberam
1519 2441 1557 2517 in
1571 2442 1749 2521 omnibus

329 2571 497 2650 habeatis
511 2586 734 2678 potestatem
755 2571 802 2645 ad
818 2568 1043 2646 laciendum.
1061 2569 1101 2644 si
1126 2569 1212 2674 quis
1229 2595 1334 2656 vero,
1353 2569 1457 2675 quod
1475 2568 1645 2646 futurum
1669 2600 1747 2649 esse

328 2703 554 2789 non'credm
575 2701 606 2776 si
627 2715 778 2808 egomet
796 2699 880 2802 ipse
899 2715 963 2776 aut
984 2697 1086 2775 ullus
1101 2697 1149 2774 de
1166 2695 1372 2775 heredibus
1389 2715 1454 2774 aut
1472 2699 1749 2804 proheredibus

330 2833 440 2919 meis,
456 2831 516 2906 vel
532 2827 712 2934 quislibet
725 2826 803 2925 ulla
822 2827 993 2930 opposita
1011 2852 1186 2932 persona,
1208 2850 1289 2933 quae
1304 2843 1433 2904 contra
1448 2829 1545 2905 hanc
1564 2829 1750 2908 venditio-

331 2988 420 3067 nem
437 2957 565 3035 venire
579 2957 741 3035 voluerit
759 2972 825 3032 aut
843 2984 926 3032 eam
945 2955 1148 3064 infringere
1167 2956 1371 3043 conaverit3
1394 2973 1432 3033 et
1451 2958 1520 3034 sia
1539 2986 1601 3035 me
1619 2959 1678 3036 vel
1703 2961 1749 3036 ab

331 3088 537 3167 heredibus
558 3087 654 3166 meis
674 3085 826 3165 defensa
847 3114 925 3165 non
944 3084 1174 3179 fuerit‚‘tum
1190 3086 1394 3164 inferamus
1406 3085 1512 3164 vobis
1528 3088 1587 3166 rel
1606 3116 1751 3169 succes·

332 3217 481 3296 soribus
495 3216 815 3323 vestrisqcogente
828 3215 936 3304 fisco,
950 3232 1098 3293 tantum
1113 3233 1151 3294 et
1165 3214 1236 3292 alia
1247 3231 1395 3294 tantum
1411 3235 1596 3323 quantum
1611 3248 1632 3293 a
1646 3220 1764 3297 vobis·

332 3348 560 3453 accepimus,
580 3344 640 3422 vel
657 3363 841 3453 quantum
855 3345 935 3452 ipsa-
949 3345 1074 3450 portio
1090 3361 1182 3422 tunc
1194 3346 1377 3452 temporis
1390 3345 1606 3423 emeliorata
1628 3348 1752 3424 value-

333 3479 398 3571 rit3
420 3494 458 3555 et
479 3477 633 3583 insuper
660 3475 814 3583 duplam
836 3476 1035 3581 pecuniam
1059 3492 1208 3569 coactus
1229 3474 1391 3564 exolvat,
1420 3492 1458 3550 et
1482 3476 1587 3583 quod
1616 3478 1752 3582 repetit

287 3675 295 3691 ,
335 3607 542 3685 evindicare
566 3633 645 3682 non
670 3604 807 3698 valeat3
834 3606 903 3681 sed
927 3605 1006 3681 haec
1025 3603 1194 3687 reuditio
1215 3604 1318 3681 omni
1341 3621 1521 3708 temporo
1536 3603 1642 3681 firma
1667 3634 1752 3709 per-

255 3760 257 3765 ’
335 3754 484 3814 maneat
504 3763 590 3812 cum
609 3733 849 3840 stipulatione
869 3733 1038 3823 subnixa.
1175 3713 1176 3716 Ἴ

394 3902 406 3930 a
421 3865 555 3940 Actum
575 3863 702 3939 Sithiu
721 3863 948 3939 monasterio
965 3862 1128 3969 publice,

394 3993 558 4070 «Datum
586 3993 626 4067 in
658 4017 788 4068 mense
810 3989 928 4098 julio,
963 3996 1061 4066 anno
1090 4017 1165 4069 vnr.
1192 3993 1297 4096 regni
1324 3992 1454 4070 domni
1485 3995 1601 4072 nostri
1628 3993 1753 4070 Karoli

337 4120 604 4231 gloriosissimi.
619 4119 728 4227 regis.
837 4176 840 4181 ψ
1152 4114 1163 4135 ‘

395 4289 580 4398 «Signum
607 4287 839 4378 VVamsnrr‚
869 4286 934 4394 qui
959 4282 1055 4364 hanc
1083 4266 1339 4364 venditionem
1363 4285 1447 4372 fieri
1470 4288 1605 4397 rogavi.
1709 4280 1711 4284 ’

493 4451 638 4552 dignum
658 4450 830 4515 Tnunmnr.
853 4408 979 4535 Signum
1000 4451 1116 4514 Bacrnr.
1143 4448 1267 4534 Signum
1292 4449 1456 4517 Ranmant.
1478 4452 1603 4536 Signum
1625 4453 1755 4516 Unuanr.

473 4578 476 4583 ·
549 4550 675 4639 Signum
691 4548 858 4619 ffiunurrr.
874 4553 998 4638 Signum
1021 4552 1219 4618 VVrnmosar.

467 4676 550 4760 AEgo
564 4676 732 4773 Hernicus,
747 4677 905 4747 diaconus,
924 4676 1026 4760 scripsi
1047 4688 1075 4738 et
1085 4674 1258 4756 subscripsi.
1277 4701 1288 4730 ι
