4478 5842
308 436 382 509 256
580 492 583 497 ·
649 438 1063 512 CHARTUDARIUM
1097 439 1381 514 SITHIENSE.

306 578 460 653 Domini
483 597 520 655 et
544 579 787 668 llrcrusalem,
817 610 904 656 cum
927 581 1059 657 ceteris
1080 580 1313 685 principibus
1339 579 1474 657 militie
1493 581 1726 660 Christiano·

306 736 408 798 rum,
425 710 507 784 Deo
523 727 765 814 cooperante,
783 711 896 786 armis
916 711 992 786 suis
1014 711 1166 802 devicit,
1183 710 1392 816 plurimum
1412 709 1523 787 saluti
1543 736 1626 787 mee
1644 697 1728 817 pile

305 837 411 914 desse
427 839 594 928 confide,
613 840 661 930 si,
680 840 718 914 in
736 841 804 915 hac
818 839 921 916 brevi
936 858 973 916 et
986 840 1135 916 mortali
1147 842 1236 931 vita,
1254 841 1334 917 loca
1348 820 1579 933 sanctorum,
1598 843 1725 950 eisque

305 967 366 1045 die
383 988 571 1074 noctuque
588 971 810 1059 servientes,
833 988 960 1047 contra
979 1000 1178 1075 pravorum
1199 970 1400 1058 hominurn
1415 973 1607 1062 incursus,
1621 975 1724 1081 juxte

305 1114 525 1200 potestatem
546 1099 664 1175 aDeo
684 1100 775 1174 mihi
792 1128 1023 1191 concessam,
1048 1101 1149 1177 tueri
1170 1129 1211 1177 ac
1233 1100 1437 1178 defendere
1454 1131 1531 1179 non
1554 1103 1723 1212 negligo,

305 1228 481 1329 quatinus
505 1231 606 1333 apud
632 1231 903 1334 omnipotentis
924 1231 994 1307 Dei
1013 1211 1309 1308 misericerdiam
1327 1234 1480 1309 eosdem
1496 1251 1641 1311 sanctos
1653 1260 1724 1339 pro

305 1358 514 1435 excessibus
533 1360 643 1450 meis,
667 1361 796 1435 tamin
814 1361 886 1437 vita
906 1391 1018 1466 quam
1033 1362 1070 1439 iu
1097 1381 1236 1454 morte,
1264 1362 1424 1439 habeam
1449 1364 1722 1440 intercessores.
1762 1400 1768 1445 μ

305 1488 494 1579 Quocirca<
504 1489 680 1566 omnihus
691 1507 824 1565 notum
841 1516 920 1566 esse
936 1492 1112 1596 cupimus
1127 1522 1205 1583 me,
1224 1495 1271 1570 ad
1280 1494 1505 1598 petitionem
1521 1492 1722 1583 Lamberti;

303 1614 448 1692 abbatis
466 1618 618 1694 ecclesie
640 1619 755 1694 sancti
776 1621 934 1709 Bertini,
954 1623 1193 1711 concessisse,
1218 1640 1262 1699 ut
1281 1641 1725 1730 cartam-quamproavus

304 1772 410 1821 meus
436 1746 617 1823 Baldinus
637 1749 835 1826 lnsulanus
856 1751 904 1826 de
920 1752 1157 1829 immunitate
1175 1753 1262 1828 ville
1284 1753 1396 1829 Arlas
1414 1734 1452 1827 et
1474 1752 1723 1861 decimatione

302 1874 571 1981 Broburgensis
590 1876 794 1952 castellarie
811 1878 937 1954 eidem
950 1880 1282 1971 locolirmaverat,
1295 1910 1372 1988 ego
1386 1909 1538 1987 quoque
1556 1881 1615 1956 his
1628 1881 1724 1956 meis

302 2005 535 2110 temporibus
568 2034 797 2082 renovarem.
834 2007 952 2113 Cujus
980 2011 1223 2113 postulationi
1257 2010 1463 2087 clementer
1486 2028 1720 2101 annuentes,

304 2137 522 2240 omniaque
548 2136 588 2211 in
617 2136 751 2212 eadem
775 2155 875 2213 carta
900 2139 1154 2229 continentur,
1181 2167 1251 2215 nos
1272 2141 1395 2216 modis
1416 2141 1591 2217 omnihus
1614 2144 1724 2216 renol-

303 2266 423 2341 vando
446 2265 736 2355 confirmamus3=
758 2283 795 2342 et
820 2283 863 2342 ut
887 2267 1015 2343 nullus
1043 2268 1325 2358 advocatorum,
1347 2269 1475 2344 nullus
1502 2270 1720 2358 hominurn,
1843 2282 1846 2288 '

303 2395 373 2470 nisi
394 2425 461 2501 per
485 2396 675 2480 abbatem,
705 2396 877 2472 homines
896 2397 1063 2501 predicte
1084 2395 1168 2471 ville
1195 2396 1315 2502 capiat
1337 2400 1404 2474 aut'
1421 2399 1632 2506 distringat,
1656 2426 1722 2475 seu

301 2522 401 2601 hona
429 2553 561 2602 eorum
582 2526 756 2630 deripiat,
789 2544 826 2602 et
851 2526 1047 2631 presertim
1072 2542 1115 2602 u't
1139 2527 1178 2601 in
1202 2527 1380 2604 omnibus
1405 2528 1609 2632 parrochiis
1631 2557 1722 2634 quas

302 2671 451 2731 sanctus
466 2656 640 2732 Bertinus
662 2655 775 2731 habet
798 2657 836 2730 in
862 2655 1067 2732 castellaria
1092 2655 1275 2764 Broburg.
1299 2656 1492 2762 Quicquid
1508 2658 1652 2732 decime
1675 2658 1721 2733 de

303 2816 396 2863 nova
409 2803 526 2876 terra,
541 2787 615 2862 sive
631 2815 697 2891 per
710 2815 897 2864 secessum
914 2786 1043 2874 maris,
1062 2786 1135 2863 sive
1153 2815 1195 2863 ex
1208 2785 1436 2891 palustribus
1451 2786 1558 2877 locis,
1574 2804 1610 2862 et
1622 2816 1723 2863 nunc

304 2933 340 2989 et
360 2916 398 2989 in
423 2914 593 2991 futurum
617 2916 830 3006 accreverit,
850 2917 939 2992 inde
955 2916 1048 2993 duas
1065 2916 1217 3024 garbas,
1235 2917 1463 2993 hereditario
1471 2917 1557 3023 jure
1570 2978 1578 3006 ,
1593 2917 1723 2993 beatus

303 3046 478 3122 Bertinus
496 3046 700 3150 possideat,
721 3074 796 3122 una
817 3075 902 3122 cum
925 3047 1173 3124 decimatione
1191 3047 1237 3123 de
1257 3047 1467 3153 berquariis
1487 3064 1524 3122 et
1537 3047 1718 3124 vaccariis.

302 3176 476 3251 Preterea
490 3204 595 3264 vem,
612 3177 699 3282 quia
715 3194 821 3282 pater
840 3206 948 3253 meus
964 3178 1088 3253 locum
1106 3177 1214 3252 illum
1230 3176 1406 3283 diligens,
1427 3177 1560 3252 ordine
1576 3205 1618 3252 ac
1638 3174 1724 3251 reli-

303 3302 413 3408 gione
430 3304 572 3381 ibidem
585 3306 814 3398 instaurata,
833 3306 986 3382 fratrem
1003 3334 1131 3381 meum
1152 3304 1403 3382 Guillelmum
1422 3305 1556 3380 eodem
1578 3305 1617 3378 in
1638 3303 1721 3380 loeo

304 3434 486 3539 sepelivit,
510 3437 644 3514 iccirco
670 3467 736 3543 pro
757 3437 926 3514 remedio
949 3435 1072 3510 anime
1096 3463 1180 3509 mee
1208 3450 1246 3509 et
1272 3435 1386 3539 patris
1410 3463 1452 3509 ac
1477 3433 1599 3508 lratris
1626 3435 1720 3526 mei,

302 3566 410 3642 trado¹
422 3566 470 3642 'in
489 3568 734 3644 elemosinam
754 3568 865 3645 beato
881 3565 1033 3642 Bertino
1055 3582 1092 3638 et
1112 3563 1234 3639 abbati
1252 3564 1451 3640 Lamberto
1473 3593 1514 3639 ac
1537 3591 1723 3641 successo-

304 3695 508 3803 ribus=ejus
530 3698 749 3773 comitatum
766 3695 813 3770 de
830 3712 928 3769 terra
945 3710 983 3769 et
1002 3693 1049 3769 de
1073 3692 1383 3770 submanantibus
1398 3694 1473 3772 sive
1493 3694 1719 3798 hospitibus,

303 3853 397 3928 quos
412 3844 560 3902 sanctus
576 3826 751 3902 Bertinus
766 3823 880 3900 habet
895 3824 933 3897 in
948 3823 1115 3928 predicta
1136 3823 1355 3914 castellaria,
1377 3824 1429 3900 sic
1446 3841 1573 3900 tamen
1589 3839 1632 3900 ut
1650 3823 1721 3899 ubi

303 3957 468 4061 hospites
490 3955 738 4059 comitis‚›qui
753 3981 867 4059 super
888 3953 1066 4031 vaccarias
1086 3969 1123 4027 et
1138 3952 1355 4059 berquarias
1368 3952 1447 4059 ejus
1467 3970 1638 4042 manent,
1655 3981 1723 4058 per

304 4085 525 4162 Kerlrebode
551 4084 677 4175 ierint,
701 4082 753 4160 ibi
781 4110 932 4188 quoque
955 4082 1122 4187 hospites
1147 4083 1263 4159 sancti
1287 4083 1429 4159 Bertini
1455 4099 1551 4160 eant.
1575 4083 1614 4158 Si
1637 4082 1722 4189 quis

304 4216 431 4293 autem
451 4215 688 4305 remanserit,
707 4210 976 4291 forisfacturam
998 4212 1102 4289 illam
1126 4241 1200 4319 que
1221 4213 1267 4287 ad
1287 4195 1359 4305 hoc
1376 4213 1554 4318 pertinet,
1572 4229 1636 4287 aut
1654 4240 1723 4319 per

305 4374 343 4421 se
373 4363 437 4420 aut
465 4374 532 4449 per
556 4344 725 4451 judicem
763 4371 891 4433 suum,
920 4340 1034 4418 abbas
1067 4341 1195 4418 comiti
1229 4341 1433 4446 persolvet,
1465 4343 1619 4449 ipseque
1648 4340 1722 4420 hoc

306 4475 512 4578 dampnum
528 4501 641 4576 super
654 4472 821 4577 hospites
836 4499 924 4550 suos
938 4469 1186 4576 recuperabit.
1201 4469 1258 4547 De
1278 4471 1387 4546 terris
1405 4500 1493 4548 vero
1513 4501 1605 4578 quas
1624 4499 1723 4549 sanc·

304 4621 366 4681 tus
385 4601 560 4679 Bertinus
579 4600 710 4692 babet,
726 4631 800 4708 que
820 4601 993 4682 bauwerc
1007 4600 1167 4719 debqnt,
1183 4602 1349 4678 concessi
1371 4617 1415 4679 ut
1428 4602 1476 4678 de
1495 4629 1722 4708 unaquaque

304 4752 402 4810 terra
416 4732 493 4809 duo
507 4729 631 4823 solidi,
645 4731 801 4838 singulis
814 4730 938 4822 annis,
952 4728 1000 4809 ab
1014 4728 1147 4807 abbate
1162 4729 1291 4819 comiti
1308 4731 1550 4835 persolvatur.
1564 4732 1722 4836 Insuper
