4478 5842
562 487 685 560 PARS
713 486 955 561 SECUNDA.
972 529 1023 542 —
1040 483 1253 558 SIMONIS
1279 485 1370 556 LIB.
1399 485 1464 556 111.
1655 485 1729 557 509

300 629 641 737 quadragesimam,
663 629 815 734 quando
836 628 1011 745 generale
1032 626 1303 703 celebrandum
1326 641 1405 702 erat
1425 623 1644 711 concilium,
1665 652 1730 728 pa-

300 760 437 836 tienter
452 758 689 864 prestolatur.
707 760 793 852 Quo
812 758 994 864 temporis
1013 757 1149 863 spatio,
1167 786 1254 834 cum
1276 755 1456 862 colloquii
1477 772 1560 831 tum
1578 781 1731 829 conver-

300 889 453 968 sationis
477 888 743 981 familiaritate,
767 906 850 965 tum
878 888 1016 990 servitii
1045 879 1193 964 assidua
1220 886 1460 976 liberalitate,
1491 882 1732 990 apostolicam

301 1021 496 1129 tociusque
512 1021 615 1097 curie
635 1019 836 1126 adquisivit
851 1019 1018 1126 gratiam.

990 1311 1036 1387 V.

636 1556 639 1561 Ι
700 1499 737 1538 DE
761 1498 833 1539 HUIC
857 1496 989 1539 metreta
1010 1495 1172 1536 tlnurtrtrrt
1194 1494 1329 1535 rupetra.

361 1676 531 1752 Tandem
547 1676 651 1753 venit
667 1675 749 1752 dies
763 1675 933 1782 egiptiaci
946 1674 1118 1781 periculi.
1141 1672 1203 1751 Lis
1217 1690 1412 1780 utrunque
1433 1673 1653 1762 conseritur,
1671 1702 1735 1749 an-

303 1805 467 1911 tiquiora
499 1823 537 1882 et
566 1808 789 1884 correctiora
816 1805 952 1882 mediis
980 1821 1227 1912 opponuntur
1252 1804 1458 1911 privilegia.
1487 1804 1578 1880 Nam
1611 1821 1734 1881 nostra

306 1934 613 2013 Cluniacensium
626 1935 874 2012 munimentis
887 1950 993 2010 erant
1009 1934 1237 2040 antiquiora,
1261 1951 1298 2008 et
1318 1934 1592 2039 pastillorum,
1610 1950 1736 2011 nostra

306 2080 567 2145 successerunt
596 2065 838 2169 correctiora,
869 2091 944 2169 que
974 2062 1273 2140 adversariorum
1303 2079 1490 2139 cassarent
1517 2063 1737 2169 interposita

306 2194 510 2302 privilegia.
533 2193 791 2273 Cluniacensis
810 2194 966 2299 quidem
987 2193 1113 2271 voluit·
1123 2192 1297 2271 obtinere
1311 2191 1595 2298 privilegiorum
1611 2211 1738 2273 osten-

307 2324 412 2401 sione
430 2323 525 2411 sola3
545 2323 746 2400 Sithiensis
764 2352 850 2400 vero
862 2324 1005 2429 juditio
1019 2341 1057 2401 et
1066 2322 1229 2430 justicia.
1252 2318 1302 2400 At
1315 2350 1426 2429 papa,
1449 2320 1610 2427 acceptis
1628 2322 1738 2405 diasi-

309 2453 482 2531 dentium
499 2454 717 2563 privilegiis,
744 2483 812 2561 per
828 2455 1027 2532 continuos
1051 2434 1181 2531 decem
1204 2453 1285 2530 dies
1309 2480 1353 2528 ea
1376 2451 1549 2541 retinuit,
1575 2468 1615 2529 et
1635 2482 1738 2567 saga-

308 2585 400 2662 citer
422 2614 509 2662 cum
536 2583 790 2662 cardinalibus
816 2600 978 2661 tractans
1007 2614 1081 2691 que
1106 2583 1347 2690 prestantiori
1366 2583 1516 2689 justicia
1545 2584 1735 2692 prevalere

308 2715 510 2808 deberent,
530 2714 732 2823 diligenter
747 2715 924 2820 inspexit,
943 2716 1155 2821 nostrisque
1173 2713 1481 2791 Cluniacensium
1499 2719 1737 2795 munimenta

307 2848 441 2923 cassari
463 2846 726 2952 deprehendit.
753 2846 815 2923 Sic
836 2847 960 2951 itaque
982 2875 1001 2922 a
1022 2845 1161 2924 nostris
1183 2860 1261 2921 to'ta
1281 2846 1384 2922 curia
1406 2845 1613 2925 informans
1633 2850 1737 2957 judi-

306 2978 423 3069 tium,
445 2976 605 3053 liberam
626 2976 783 3054 omnino
804 3005 824 3051 a
844 2975 1085 3053 Cluniacensi
1106 2974 1340 3084 subjectione
1365 2976 1594 3055 Sithiensem
1621 2978 1738 3056 eccle-

309 3108 401 3184 siam
423 3137 509 3186 cum
531 3106 682 3200 abbate,
705 3104 858 3213 publico
875 3106 1035 3216 juditio,
1054 3105 1239 3185 diffinivit.

730 3589 768 3628 Μ
790 3586 900 3629 REDITU
924 3583 1026 3625 tronis
1049 3584 1170 3626 annarls
1192 3584 1210 3624 Α
1233 3583 1322 3626 ROMA.

367 3762 444 3838 Sed
465 3789 512 3836 ne
532 3761 600 3835 viri
620 3760 785 3868 religiosi
807 3759 1089 3836 detrahentium
1105 3759 1246 3837 invidia
1263 3759 1364 3837 malo
1381 3760 1567 3838 discordie
1584 3764 1740 3842 denota-

311 3908 454 3982 rentur,
472 3891 635 3995 dqmnus
654 3920 748 3997 papa
770 3890 995 3967 dissidentes
1015 3890 1168 3967 abbates
1189 3892 1228 3966 in
1248 3891 1376 3968 osculo
1396 3893 1498 3997 pacis
1522 3896 1739 3972 reconcilia-

310 4022 373 4097 vit.
400 4022 432 4097 A
455 4048 531 4126 quo
556 4020 670 4098 abbas
691 4037 830 4110 noster,
860 4019 1013 4096 indulto
1039 4018 1110 4095 sibi
1138 4020 1186 4096 de
1212 4018 1386 4097 libertato
1414 4022 1629 4131 privilegio,
1651 4056 1738 4103 auc-

310 4152 461 4229 toritate
490 4152 694 4257 apostolica
717 4166 755 4226 et
779 4150 1027 4227 cardinalium
1051 4179 1167 4263 manu
1191 4149 1466 4257 subscriptione
1496 4155 1734 4249 confirmato,
1755 4222 1759 4229 .

312 4298 351 4360 et
370 4282 543 4359 horribili
563 4281 949 4360 excommunicatione
968 4282 1134 4374 munito,
1152 4311 1239 4359 cum
1260 4283 1364 4359 omni
1383 4285 1630 4390 prosperitate
1650 4318 1739 4395 gau-

308 4414 407 4490 dens
437 4432 474 4492 et
509 4413 695 4506 exultans,
726 4431 920 4521 susceptus
949 4444 970 4491 a
1001 4414 1130 4504 nobis,
1161 4415 1363 4522 repedavit.
1397 4417 1557 4493 Litteras
1585 4418 1740 4526 insuper

314 4573 442 4622 secum
471 4544 609 4622 detulit
629 4544 865 4651 apostolicas,
888 4544 1028 4651 quihus
1055 4545 1272 4622 intimatum
1303 4562 1359 4622 est
1381 4546 1673 4654 metropolitano
1703 4569 1739 4627 et

313 4676 572 4785 suffraganeis,
595 4677 723 4754 comiti
739 4693 777 4753 et
795 4675 1043 4782 primoribus,
1065 4674 1169 4755 clero¹>
1181 4692 1222 4770 et
1238 4676 1399 4784 populo,
1417 4679 1585 4756 minimis
1606 4699 1643 4758 et
1663 4710 1740 4756 ma·
1822 4748 1826 4755 .

309 4808 477 4913 joribus‚
499 4808 626 4886 omnia
647 4836 721 4914 que
737 4824 775 4885 et
792 4808 954 4914 qualiter
972 4786 1179 4886 factasunt.
