4478 5842
454 471 580 545 PARS
606 472 807 546 TERTIA.
825 465 1323 544 -CONTINUATORES
1350 464 1571 541 SIMONIS.
1649 461 1717 535 551

908 730 1108 807 XXVIII.
1167 751 1169 754 ·

454 938 547 980 GAR‘I'A
571 911 741 978 temnunt
759 935 844 983 PAPB,
869 933 906 974 II!
928 932 1022 974 tucls
1042 929 1204 972 'I'BNBAUUR
1228 928 1396 971 emmas
1416 927 1574 970 conrnune,

262 1136 264 1141 ’
360 1110 824 1217 «Alexander'episcopus,
843 1137 969 1185 servus
981 1134 1175 1184 servorum
1188 1105 1276 1197 Dei,
1293 1104 1438 1182 dilectis
1450 1103 1538 1199 filiis
1550 1103 1674 1182 abbati
1689 1123 1726 1182 et

301 1244 478 1323 fratribus
496 1240 612 1319 sancti
632 1240 773 1319 Bertini
796 1238 955 1318 salutem
980 1253 1018 1313 et
1042 1235 1285 1343 apostolicam
1304 1233 1623 1313 benedictionem.
1645 1238 1726 1312 Jus-

1800 1127 1816 1179 3
1827 1136 1905 1179 mart.

1771 1202 1838 1256 circa
1857 1201 1936 1256 1180.

300 1373 349 1451 tis
362 1371 680 1480 postulationibus
700 1369 965 1480 religiosorum
980 1367 1145 1445 virorum
1161 1393 1353 1444 assensum
1373 1365 1557 1471 impertiri
1578 1363 1724 1443 facilem

300 1503 475 1582 volmnus
495 1519 533 1580 et
550 1500 753 1592 debemus,
779 1517 883 1577 uteo
902 1498 1038 1575 fortius
1059 1496 1249 1604 obsequiis
1272 1496 1407 1574 diuinis
1427 1496 1466 1573 et'
1488 1495 1726 1574 observancie

300 1663 366 1712 sue
386 1630 628 1741 professionis
654 1630 842 1720 insistant,
861 1656 940 1735 quo
963 1656 1003 1705 se
1021 1626 1219 1705 viderinta
1239 1625 1329 1703 sede
1350 1624 1552 1732 apostolica
1568 1627 1728 1704 celerius

301 1762 479 1848 exaudiri.
501 1761 681 1841 Volentes
700 1760 813 1869 igitur
833 1787 907 1867 que
930 1757 1062 1836 domui
1083 1773 1203 1835 vestre
1222 1744 1282 1863 pia
1303 1773 1391 1835 sunt
1414 1755 1625 1862 provisione
1650 1757 1727 1834 col-

300 1891 390 1984 latu,
405 1892 536 1969 usibus
564 1919 697 1970 eorum
719 1891 854 1969 seruari
882 1889 948 1997 qui
968 1888 1179 1996 regularem
1198 1887 1311 1964 vitam
1337 1887 1500 1980 ibidem,
1524 1887 1726 1994 inspirante

301 2022 486 2111 Domino,
515 2021 756 2127 profitentur,
785 2018 1006 2103 auctoritate
1029 2017 1136 2096 vobis
1166 2015 1367 2123 apostolica
1395 2016 1654 2125 induigemus‚
1685 2022 1745 2093 ut‘

302 2151 534 2259 prebendam
553 2152 593 2228 in
608 2151 838 2230 monasterio
861 2168 986 2230 vestro
1005 2148 1102 2227 uuili
1122 2148 1218 2227 laico
1232 2148 1437 2225 teneamini
1453 2148 1646 2252 deinceps,
1667 2148 1726 2222 v'eI

303 2281 439 2359 clerico
456 2281 615 2359 seculari
631 2280 814 2360 conferre.

361 2413 527 2490 «Datum
543 2390 736 2504 iaterani,
758 2411 893 2520 quinto
912 2437 1030 2487 nonas
1049 2409 1217 2488 martii.»

932 2698 1088 2773 XXIX.

430 2901 584 2943 stertente
605 2899 849 2944 coternufflottts
869 2899 995 2942 musena
1018 2901 1092 2941 Pers
1114 2898 1207 2942 SUPER
1229 2899 1357 2943 metuas
1378 2900 1415 2940 DE
1436 2900 1599 2942 stantunus.
1726 2926 1729 2933 ‹

360 3079 596 3158 «Alexander
612 3056 821 3185 episcopus,
840 3105 967 3155 servus
982 3104 1176 3156 servorum
1192 3078 1280 3170 Dei,
1299 3078 1445 3156 dilectis
1457 3078 1545 3156 filiis
1558 3081 1682 3157 abbati
1692 3099 1728 3157 et

302 3207 480 3287 iratribus
499 3208 615 3284 sancti
634 3208 777 3284 Bertini
796 3207 959 3285 saiutem
982 3223 1020 3283 et
1041 3206 1283 3314 apostolicam
1307 3207 1624 3287 benedictionem.
1647 3213 1730 3288 Jus-

302 3339 351 3416 tis
364 3338 578 3445 petentium
593 3337 791 3416 desideriis
814 3337 970 3446 dignuin
989 3353 1046 3414 est
1059 3363 1129 3415 nos
1146 3335 1293 3417 facilem
1309 3338 1468 3445 prebere
1484 3368 1725 3434 consensum,

304 3488 342 3547 et
359 3488 460 3559 vota,
479 3499 554 3577 que
574 3497 595 3545 a
614 3471 768 3548 rationis
786 3469 938 3547 tramite
952 3495 1031 3546 non
1053 3466 1285 3558 discordant,
1305 3470 1441 3547 effectu
1460 3491 1727 3578 prosequente,

304 3600 505 3706 complere.
526 3600 744 3705 Eapropter,
767 3598 896 3675 dilecti
917 3598 957 3673 in
978 3597 1145 3675 Domino
1167 3595 1261 3686 filii,
1281 3600 1414 3677 vestris
1430 3601 1543 3708 justis
1564 3604 1731 3707 postula-

302 3729 471 3806 tionibus
495 3746 599 3835 grato
624 3746 891 3805 concurrentes
919 3755 1091 3819 assensu,
1112 3727 1282 3815 decimas
1303 3729 1349 3806 de
1376 3729 1604 3819 Waranciis,
1635 3735 1731 3817 sicut

305 3885 364 3933 eas
379 3857 481 3962 juste
498 3873 536 3932 et
555 3856 708 3962 pacifice
721 3857 936 3963 possidetis,
954 3846 1175 3937 auctoritate
1193 3859 1301 3938 vobis
1314 3860 1518 3967 apostolica
1530 3863 1731 3940 confirma-

305 4013 407 4075 mus,
427 4002 465 4064 et
482 3987 647 4091 presenti
663 3987 789 4093 scripti
804 3987 1012 4093 patrocinio
1031 3990 1331 4082 communimus;
1352 4008 1556 4070 statuentes
1570 4011 1613 4071 ut
1633 3995 1729 4072 nulli

305 4099 462 4197 omnino
482 4116 593 4197 liceat
609 4119 706 4196 hanc
721 4118 896 4229 paginam
917 4138 1043 4198 nostre
1060 4119 1360 4200 confirmationis
1379 4121 1602 4231 infringere,
1617 4126 1676 4203 vel
1696 4129 1730 4204 ei

305 4277 398 4327 ausu
416 4250 618 4328 temerario
641 4251 838 4330 contraire.
866 4251 907 4330 Si
933 4251 1019 4359 quis
1042 4268 1168 4331 autem
1196 4253 1271 4332 hoe
1294 4270 1515 4361 attemptare
1535 4283 1732 4365 presump-

305 4380 413 4467 serit,
434 4380 735 4489 indignationem
758 4381 1033 4490 omnipotentis
1054 4380 1126 4463 Dei
1147 4399 1185 4463 et
1209 4383 1407 4465 beatorum
1427 4385 1527 4465 Petri
1549 4404 1587 4466 et
1603 4388 1729 4480 Pauli,

209 4519 220 4527 “’
306 4511 564 4615 apostolorum
590 4513 688 4621 ejus,
713 4541 753 4594 se
778 4515 926 4595 noverit
949 4513 1202 4595 incursurum.

359 4639 500 4720 Datum
519 4645 708 4737 Laterani,
731 4644 1042 4727 tertiotatendas
1066 4644 1202 4726 martii.
