4478 5842
560 501 681 575 mns
714 470 1444 576 sesenna.-srn0v1s.mn.n.
1645 504 1714 574 501

300 666 523 748 quecunque
539 640 671 718 babuit
684 642 899 749 dereliquit.
916 643 1002 736 Que
1017 642 1141 720 adbuc
1155 645 1280 721 vivens
1295 643 1387 722 duas
1404 642 1576 722 ecclesias
1587 643 1721 720 saneti-

299 770 521 851 monialium
539 771 725 852 edificavit
742 773 782 850 in
802 774 976 882 Broburg
997 791 1035 852 et
1050 775 1151 882 apud
1172 774 1372 853 Advennis.

944 1046 1071 1122 CXll.

585 1229 623 1269 ott
643 1227 775 1271 SECUNDA
797 1226 990 1270 snormrlosu
1009 1227 1159 1273 JOHARNIS.
1172 1228 1293 1271 assam
1314 1227 1426 1270 ROMAM.

356 1415 624 1494 Cluniacenses
636 1444 740 1509 vero,
755 1415 869 1522 patris
882 1416 1072 1493 Lamberti
1087 1419 1281 1494 audientes
1294 1417 1457 1506 obitum,
1472 1415 1633 1495 rediviva
1650 1417 1718 1491 irn-

299 1545 529 1650 portunitate
544 1574 614 1623 nos
628 1546 906 1653 prevenientes,
924 1547 1134 1623 Honorium
1150 1575 1284 1652 papam
1303 1534 1428 1624 statim
1448 1548 1487 1623 in
1506 1547 1616 1631 initio
1631 1575 1718 1652 pro-

299 1675 479 1752 motionis
507 1702 574 1753 sue
597 1677 754 1768 adeunt,
778 1692 817 1752 et
842 1675 1077 1784 privilegium
1109 1677 1155 1754 de
1180 1677 1252 1753 sibi
1281 1676 1513 1784 subjicienda
1538 1678 1716 1755 Sithiensi

301 1804 457 1884 ecclesia
473 1807 689 1912 adquimnt.
705 1805 838 1885 Nuncii
854 1834 942 1884 vero
959 1807 1094 1897 nostri,
1109 1824 1210 1912 post,
1225 1808 1294 1883 sed
1306 1808 1428 1899 tarde,
1440 1805 1646 1898 venientes,
1664 1808 1718 1885 nil

300 1936 483 2015 libertatis
506 1955 784 2016 antecessorum
804 1963 960 2013 suorum
981 1936 1091 2014 nobis
1112 1937 1260 2013 indulte
1281 1939 1481 2043 impetrare
1502 1956 1716 2043 potuerunt.

301 2068 378 2146 Sed
389 2097 457 2173 per
467 2069 594 2148 omnia
604 2067 914 2147 Cluniacensihus
922 2066 1065 2158 favens,
1077 2065 1212 2145 litteris
1224 2069 1412 2144 mandavit
1422 2066 1545 2145 abbati
1557 2070 1720 2146 lobanni

300 2201 476 2306 quatinus
495 2199 590 2276 infra
603 2197 847 2315 quadraginta
864 2198 961 2287 dies,
982 2199 1068 2277 visis
1085 2197 1236 2290 litteris,
1256 2196 1565 2283 Cluniaeensibus
1577 2200 1727 2303 profes,

299 2331 446 2409 sionem
461 2328 610 2407 laceret.
635 2330 720 2423 Qua
734 2329 914 2406 attonitus
931 2329 1117 2436 jussione,
1136 2327 1301 2407 secunde
1316 2330 1474 2405 Romam
1490 2328 1614 2434 petiit,
1637 2359 1732 2406 mue*

299 2461 468 2537 nimenta
483 2459 667 2537 libertatis
679 2457 878 2536 Sithiensis
891 2457 1044 2535 ecclesie
1058 2459 1160 2536 curie
1175 2458 1393 2565 publicavit,
1408 2458 1541 2565 vixque
1555 2458 1721 2537 obtinuit

298 2606 342 2668 ut
361 2590 585 2668 dissidentes
600 2587 743 2694 prefixo
759 2588 961 2696 placitandi
984 2588 1045 2665 die
1061 2589 1101 2664 in
1116 2617 1264 2667 causam
1280 2606 1486 2681 revocaret,
1503 2572 1719 2698 juditioque
1798 2598 1801 2605 '

246 2816 249 2821 y
298 2718 547 2797 cardinalium
566 2718 779 2795 ventilatam
796 2718 1073 2796 determinaret.

922 2992 1082 3070 CXlll.

472 3181 510 3220 DE
531 3179 636 3221 resuta
658 3178 725 3222 FJUS
746 3178 957 3231 phoenomena,
980 3181 1014 3221 ΕΤ
1036 3178 1131 3221 oouttt
1155 3177 1319 3222 aeosrottcr
1343 3179 1535 3223 utsstturton'n.

354 3347 441 3426 Post
461 3344 644 3425 circulum
663 3375 751 3425 vero
766 3347 853 3424 anni
869 3347 1022 3425 terciam
1042 3348 1252 3455 preparavit
1266 3346 1551 3454 profectionem.
1569 3346 1612 3422 ln
1630 3375 1715 3452 qua,

299 3477 495 3556 comitatus
508 3506 594 3556 cum
607 3478 886 3584 archiepiscopo
896 3478 1083 3567 Remensi,
1097 3478 1319 3555 Cluniaeum
1334 3505 1419 3551 cum
1438 3475 1514 3552 suis
1529 3476 1715 3580 pervenit,

298 3623 483 3716 temptans
503 3609 533 3685 si
555 3607 710 3713 aliquod
730 3608 831 3713 pacis
850 3606 1019 3684 medium
1038 3635 1106 3713 per
1126 3603 1417 3712 archipresulem
1441 3603 1494 3679 ibi
1512 3621 1639 3711 posset
1660 3605 1717 3680 in-

297 3738 435 3816 venire.
453 3738 540 3831 Quo
554 3766 632 3816 non
645 3738 809 3828 invento,
827 3738 1024 3845 episcopus
1037 3755 1075 3815 et
1089 3737 1203 3816 abbas
1217 3737 1335 3824 divisi,
1349 3736 1556 3815 abinvicem
1572 3735 1717 3813 diverso

297 3867 432 3944 itinere
450 3869 608 3944 Romam
626 3866 828 3973 petierunt.
853 3868 923 3944 Cui
943 3867 1301 3976 appropinquantes,
1323 3866 1421 3944 fama
1436 3863 1714 3974 promulgante,

300 3997 348 4073 ad
368 4025 433 4074 eos
450 3996 622 4101 pervenit
643 4024 778 4102 papam
798 3997 1008 4074 Honorium
1029 3997 1183 4087 obiisse;
1204 4000 1391 4075 Romanos
1410 4013 1532 4102 partes
1556 3995 1596 4071 in
1621 3996 1718 4073 elec-

297 4127 402 4205 tione
430 4127 577 4218 lecisse3
604 4140 723 4206 totam
750 4128 907 4205 Romam
933 4127 1089 4206 turbari.
1118 4131 1218 4207 Pene
1246 4128 1348 4206 enim
1378 4128 1548 4206 universa
1573 4127 1715 4216 civitas,

298 4286 382 4363 pars
402 4259 520 4336 eciam
539 4286 673 4367 magna
694 4255 941 4336 cardinalium
960 4260 1131 4354 Petmm,
1151 4259 1251 4338 Petri
1268 4258 1404 4336 Leonis
1421 4257 1562 4351 filium,
1584 4257 1720 4368 eligen-

298 4404 374 4481 tes,
390 4386 612 4466 Anacletum
632 4386 929 4495 appellaverunt,
952 4419 1036 4496 pars
1052 4417 1140 4469 vero
1160 4389 1280 4496 major
1305 4406 1343 4467 et
1364 4387 1501 4468 melior
1522 4389 1719 4468 curialium

300 4518 525 4628 Gregorium
541 4517 792 4626 presbiterum
808 4519 1037 4598 cardinalem
1050 4519 1098 4597 ad
1113 4519 1267 4629 titulum
1282 4518 1406 4599 Sancti
1418 4517 1640 4630 Archangeli
1656 4549 1718 4628 pa-

299 4678 387 4758 pam
409 4649 696 4740 constituentes,
716 4649 977 4728 lnnoeentium
999 4650 1298 4729 nominaverunt.
1315 4649 1399 4744 Qua
1424 4648 1652 4730 dissentione
1672 4650 1718 4727 lis
1786 4665 1790 4671 '
1917 4718 1923 4729 .

281 4774 284 4781 ’
300 4782 491 4888 utrimque
508 4796 701 4859 exercetur
718 4795 757 4858 et
768 4780 977 4871 eontentio,
994 4781 1185 4891 sanguinis
1205 4780 1358 4871 effusio,
1374 4780 1598 4872 homicidia,
1615 4808 1718 4858 sanc·
