4478 5842
307 490 379 561 aaa
627 500 630 505 ·
813 447 1219 581 cuanromruuu

303 649 531 737 perpetuum
551 633 803 709 concedimus.
828 631 905 709 Sed
925 648 961 707 et
981 660 1040 708 res
1060 661 1153 737 quas
1176 631 1372 708 memorati
1393 630 1526 712 fideles
1546 663 1590 710 ex
1609 634 1722 711 rebus

304 763 540 840 hereditariis
566 764 643 840 suis
671 780 709 838 et
734 792 777 839 ex
802 778 928 838 nostra
953 763 1119 838 cessione
1153 763 1193 839 in
1223 791 1336 840 usum
1368 765 1640 843 monachorum
1666 765 1721 843 ibi

303 890 567 969 famulantium
582 893 630 968 ad
649 892 813 989 eundem
833 891 961 968 locum
982 890 1241 996 stipendiarias
1261 882 1539 999 deputaverant.
1554 893 1597 972 ld
1613 896 1720 973 estin

304 1052 397 1128 pago
415 1023 537 1099 Talou
557 1023 682 1098 villam
702 1051 837 1109 unam,
852 1051 936 1127 quae
952 1020 998 1098 ab
1015 1021 1149 1098 incolis
1166 1023 1304 1101 dicitur
1318 1026 1512 1101 Kenehan.
1529 1027 1571 1102 Iu
1587 1026 1721 1103 eodem
1805 1102 1815 1116 ,

304 1154 416 1228 etiam
445 1179 539 1258 pago
569 1151 707 1231 Villare
738 1181 826 1228 cum
853 1151 977 1228 tribus
1008 1151 1239 1229 molendinis
1264 1170 1301 1230 et
1331 1182 1404 1232 una
1432 1153 1603 1245 ecclesia,
1636 1183 1720 1232 cum

305 1280 483 1358 omnibus
499 1281 671 1358 videlicet
683 1312 765 1387 quae
780 1282 828 1357 ad
845 1282 962 1387 ipsam
978 1280 1155 1359 videntur
1172 1283 1399 1389 appenditia.
1419 1286 1460 1361 lu
1475 1285 1556 1391 ipso
1572 1312 1724 1391 quoque

304 1441 397 1518 pago
418 1412 593 1517 predium
615 1412 661 1487 ad
686 1411 812 1489 villam
832 1411 1032 1490 Caldecota
1055 1413 1246 1517 pertinens
1271 1442 1357 1490 cum
1384 1413 1562 1491 omnibus
1586 1442 1725 1522 appen-

306 1543 408 1618 ditiis
428 1543 520 1629 suis,
543 1543 671 1632 idest,
694 1542 836 1628 salinis,
856 1541 1014 1618 terrain
1035 1543 1221 1619 humectis
1237 1543 1454 1635 maritimis,
1474 1546 1567 1622 etin
1586 1531 1738 1652 campis

306 1691 344 1747 et
368 1673 407 1747 in
422 1670 532 1749 silvis.
555 1674 596 1749 ln
622 1674 745 1750 Pasun
765 1700 918 1777 quoque
933 1671 1127 1748 ecclesiam
1144 1700 1276 1760 unam,
1295 1701 1409 1778 supra
1422 1702 1525 1750 mare
1543 1676 1723 1780 positam,

306 1831 392 1879 cum
417 1802 577 1909 trigenta
595 1831 656 1878 sex
671 1800 888 1910 jugeribus3
911 1818 948 1877 et
968 1799 1149 1906 capellam
1167 1801 1214 1877 de
1228 1801 1434 1908 Appavilla,
1455 1822 1493 1879 et
1508 1833 1630 1881 unum
1649 1805 1727 1883 fisi-

305 1932 462 2038 gardum
493 1932 533 2006 in
558 1932 718 2038 Dieppa3
746 1949 783 2007 et
803 1931 902 2039 apud
924 1947 1076 2038 portum
1097 1931 1214 2036 ipsius
1233 1931 1384 2039 Dieppae
1405 1934 1570 2039 quinque
1591 1935 1727 2012 salinas

308 2081 345 2137 et
360 2064 528 2168 quinque
547 2090 755 2150 mansuras,
773 2090 856 2168 quae
874 2061 1024 2138 solvunt
1038 2089 1106 2165 per
1121 2060 1289 2168 singulos
1304 2090 1422 2138 annos
1439 2064 1606 2168 quinque
1624 2064 1727 2141 milia

308 2191 499 2281 allecium3
513 2188 594 2268 dies
607 2188 816 2268 dominicos
826 2189 988 2297 piscariae
1001 2189 1050 2267 de
1060 2185 1210 2267 Archas.
1224 2190 1428 2268 Ecclesiam
1444 2191 1491 2269 de
1504 2190 1726 2283 Mucedent;

307 2321 532 2401 villacetiam
553 2347 638 2429 quae·
664 2319 802 2398 dicitur
810 2320 925 2399 Totes
937 2337 1082 2427 partem
1103 2314 1206 2398 illam
1228 2349 1311 2428 quae
1331 2320 1379 2399 ad
1400 2318 1624 2401 Gozelinum
1641 2352 1727 2430 per-

307 2451 461 2531 tinebat.
478 2454 520 2528 ln
539 2480 635 2560 pago
652 2450 817 2557 denique
833 2450 1118 2560 Rotomagensi,
1136 2450 1305 2529 Anselmi
1325 2451 1451 2530 villam
1472 2480 1557 2529 cum
1574 2444 1729 2532 ecclesia

309 2604 345 2663 et
363 2585 587 2663 molendino
603 2612 693 2660 uno.
709 2582 817 2660 Juxta
832 2612 985 2660 murum
999 2580 1116 2688 ipsius
1131 2578 1251 2670 urbis,
1268 2606 1380 2689 supra
1394 2581 1593 2661 fluviolum
1610 2584 1729 2664 Rodo

308 2717 423 2807 bech,
452 2713 718 2793 molendinum
740 2743 871 2791 unum.
893 2710 971 2792 Sed
996 2730 1034 2791 et
1053 2708 1216 2791 insulam
1237 2742 1351 2820 super
1373 2713 1520 2791 alveum
1548 2714 1728 2821 Sequanae

309 2875 421 2952 quam
443 2847 575 2923 dicunt
595 2845 748 2923 nomine
766 2842 1040 2932 Torhulmum,
1063 2842 1137 2920 alio
1152 2843 1307 2950 quidem
1326 2842 1508 2921 vocabulo
1521 2843 1728 2922 Oscellum.

310 2979 350 3052 In
378 3005 472 3081 pago
499 2975 698 3053 Lisiacensi
720 2974 963 3052 medietatem
983 2970 1228 3052 Brandevillae
1244 2991 1282 3051 et
1302 2971 1498 3051 dimidiam
1520 2974 1727 3054 ecclesiam.

326 3136 349 3180 n
381 3133 475 3212 pago
503 3103 805 3182 Constantinensi
835 3102 987 3180 Emaldi
1021 3103 1304 3182 mansionalem.
1336 3106 1378 3181 ln
1406 3128 1500 3214 pago
1526 3104 1729 3184 Ebrocensi

311 3236 404 3312 duas
420 3232 608 3323 ecclesias,
629 3230 769 3310 scilicet
789 3230 836 3309 de
857 3231 1081 3341 Gravingnei
1101 3251 1138 3310 et
1157 3234 1203 3310 de
1221 3232 1356 3325 Vuest,
1380 3252 1418 3312 et
1437 3236 1476 3312 in
1493 3232 1614 3315 Vuest
1634 3236 1731 3316 duos

311 3392 472 3443 mansos.
501 3364 543 3441 In
569 3360 752 3442 suburbio
785 3358 1047 3472 hotomagensi
1080 3362 1274 3441 ecclesiam
1308 3364 1434 3443 Sancti
1459 3362 1583 3476 Eligit.
1617 3369 1664 3445 Et
1690 3367 1729 3444 in

311 3524 404 3606 pago
425 3496 624 3575 lisiacensi
642 3490 905 3576 Martinvillam
920 3520 1006 3573 cum
1018 3493 1196 3575 omnibus
1207 3495 1433 3605 appenditiis
1447 3500 1536 3576 suis.
1554 3499 1639 3575 Haec
1656 3499 1732 3577 uti·

311 3654 386 3733 que
407 3646 444 3705 et
461 3645 602 3716 cetera,
623 3654 706 3735 quae
724 3657 744 3705 a
763 3625 943 3705 fidelibus
957 3626 1045 3705 viris
1063 3657 1132 3735 pro
1149 3618 1270 3706 salute
1286 3628 1496 3706 animarum
1516 3658 1670 3709 suarum
1687 3658 1731 3707 ex

311 3758 473 3865 propriis
493 3757 609 3836 rebus
633 3759 759 3835 eidem
777 3775 909 3836 sanctae
928 3756 1105 3835 Trinitati
1123 3759 1295 3836 donativa
1320 3757 1572 3848 conserentur,
1595 3778 1730 3838 nostrae

312 3889 513 3999 majestatis
537 3884 661 3965 edicto
685 3885 923 3977 roboramus,
946 3914 993 3965 ne
1014 3888 1099 3994 quis
1116 3886 1290 3965 videlicet
1303 3888 1512 3998 judiciariae
1532 3890 1587 3966 vir
1605 3904 1732 3997 potes-

311 4019 396 4096 tatis
415 4017 461 4095 ab
478 4016 664 4096 hodierno
678 4016 717 4096 iu
732 4016 904 4096 futurum
923 4021 1062 4097 horum
1078 4017 1201 4127 aliqua
1219 4019 1416 4096 temeraria
1431 4021 1676 4129 usurpatione
1692 4021 1731 4098 in

311 4149 482 4257 proprios
502 4178 594 4228 usus
613 4148 812 4242 devocare,
837 4167 902 4228 aut
921 4145 1102 4228 aliorsum
1125 4166 1226 4227 extra
1248 4148 1404 4256 praefatae
1430 4148 1644 4228 dominium
1672 4181 1732 4230 eo-

313 4280 432 4358 clesiae
457 4298 675 4388 retorquere
704 4299 907 4388 presumat.
937 4280 1030 4376 Quae
1054 4304 1123 4389 ego
1147 4278 1186 4357 in
1206 4309 1319 4358 usum
1344 4283 1618 4360 monachorum
1649 4283 1732 4359 Deo

312 4410 407 4486 inibi
425 4411 689 4491 famulantium
712 4413 819 4505 dedi,
837 4411 1075 4519 presentibus
1093 4409 1273 4490 fidelihus
1292 4411 1444 4506 nostris,
1465 4411 1607 4489 domno
1628 4411 1733 4490 vide-

312 4539 400 4617 licet
418 4541 671 4648 archipresule
692 4543 873 4622 Rotberto
894 4540 1077 4621 avunculo
1098 4559 1244 4629 nostro,
1271 4564 1418 4619 necnon
1441 4556 1478 4619 et
1497 4543 1634 4620 comite
1650 4540 1735 4621 Gis-

313 4671 475 4764 lebert0,
497 4689 535 4752 et
555 4675 687 4751 ceteris
706 4703 801 4780 quos
821 4703 898 4752 non
915 4691 971 4751 est
985 4673 1177 4780 praesentis
1192 4672 1333 4782 negotii
1350 4668 1546 4782 exponere.
1570 4672 1662 4763 Sed,
1683 4702 1730 4749 ne

315 4805 399 4910 quis
430 4822 558 4883 contra
589 4805 690 4882 hunc
719 4804 973 4910 inscriptionis
999 4804 1156 4917 titulum
1188 4804 1502 4884 contradictionis·
1522 4803 1753 4902 temerarie.
