4478 5842
1048 483 1454 561 CHARTULARIUM

1192 768 1314 844 Llll.

597 944 760 1058 Quidam
782 965 836 1037 vir
855 963 1027 1053 illustris,
1044 962 1199 1038 nomine
1219 962 1475 1053 Normannus,
1496 963 1543 1041 de
1563 935 1759 1056 Hesledes,
1780 966 1881 1044 lilius
1901 969 1962 1044 ln-

540 1095 701 1200 gelardi,
728 1093 926 1170 invadiavit
950 1091 1167 1172 Godelredo
1196 1090 1404 1198 presbitero
1432 1095 1479 1169 de
1504 1093 1696 1172 Malalneit
1719 1114 1835 1173 totam
1864 1099 1976 1174 deci-⁴

542 1255 640 1300 marn
662 1224 776 1301 alodii
803 1225 860 1301 sui
883 1252 951 1332 pro
976 1253 996 1301 ι
1020 1222 1150 1301 solidis
1171 1224 1425 1301 denariorum.
1448 1224 1562 1318 Quod
1582 1226 1836 1304 vadimonium
1858 1227 1960 1304 idem

539 1355 777 1433 Godelredus
802 1356 848 1431 ad
882 1373 1045 1432 extrema
1067 1355 1220 1432 veniens
1240 1353 1395 1463 largitus
1416 1372 1471 1432 est
1491 1357 1685 1434 monachis
1706 1354 1849 1435 Sanetae
1875 1357 1959 1434 Tri-

540 1487 665 1561 nitatis
685 1515 752 1591 pro
774 1487 944 1563 remedio
969 1485 1101 1561 animae
1129 1515 1216 1562 suae.
1243 1487 1330 1562 Post
1354 1487 1426 1561 hoc
1451 1485 1585 1563 accidit
1610 1505 1653 1563 ut
1677 1486 1843 1594 prelatus
1868 1489 1963 1564 Nor-

540 1647 699 1693 mannus
720 1620 934 1704 moriretur,
957 1634 1067 1721 atque
1093 1617 1132 1690 in
1156 1614 1263 1691 obitu
1287 1644 1356 1691 suo
1379 1616 1621 1706 constitutus,
1645 1616 1752 1695 dedit
1777 1619 1961 1695 decimam

539 1748 823 1852 suprascriptam
849 1748 888 1822 in
914 1745 1040 1823 alodio
1060 1745 1255 1823 monachis
1280 1745 1422 1822 Sanctae
1449 1746 1660 1834 Trinitatis,
1685 1747 1752 1823 ubi
1782 1748 1894 1823 etiam
1925 1767 1962 1824 et

539 1876 707 1983 sepultus
728 1893 783 1953 est
803 1905 887 1967 cum
911 1903 1045 1984 magna
1063 1874 1269 1952 reverentia
1287 1875 1327 1950 in
1348 1875 1495 1981 porticu
1516 1875 1686 1981 ejusdem
1707 1877 1880 1953 coenobii.

707 2080 830 2161 Signum
843 2081 1009 2141 luomannr.
1030 2077 1154 2159 Signum
1168 2079 1334 2139 Nonuanru.
1346 2076 1469 2161 Signum
1483 2080 1618 2142 chanm.
1638 2081 1763 2164 Signum
1771 2082 1958 2144 Grsrrsesrr.

750 2179 874 2263 Signum
886 2182 1031 2245 Gourrrr.
1047 2181 1172 2264 Signum
1187 2181 1335 2244 Osuoum.
1349 2181 1474 2264 Signum
1490 2183 1651 2245 Hrnsrnrr.

1191 2427 1301 2504 LlV.

487 2682 491 2691 .
594 2628 701 2703 rl'nno
727 2627 773 2702 ab
798 2629 1053 2704 incarnatione
1073 2623 1227 2702 Domini
1253 2651 1407 2715 uxrvu„
1429 2625 1584 2732 quidam
1605 2628 1659 2702 vir
1678 2644 1826 2733 potens,
1852 2656 1957 2703 voca-

536 2759 628 2834 bulo
650 2758 845 2848 Ricardus,
863 2759 910 2835 de
931 2759 1015 2835 loco
1035 2757 1100 2863 qui
1122 2755 1259 2832 dicitur
1277 2757 1429 2846 Rernai,
1453 2757 1622 2833 vendidit
1644 2756 1753 2833 nobis
1770 2758 1809 2831 in
1831 2757 1957 2835 alodio

535 2905 610 2962 tres
631 2917 780 2965 mansos
803 2907 841 2965 et
856 2888 1057 2965 dimidium
1078 2885 1289 2962 molendini
1304 2888 1405 2993 apud
1416 2872 1605 2981 Quattuor
1619 2887 1878 2977 Molendinos,
1907 2890 1957 2964 sic

537 3019 637 3090 enim
660 3018 789 3092 eadem
812 3019 899 3094 villa
917 3019 1065 3102 dicitur,
1089 3045 1156 3121 pro
1173 3033 1257 3093 octo
1283 3015 1390 3094 libris
1415 3018 1668 3097 denariorum.
1693 3018 1823 3095 Sedet
1841 3017 1959 3122 ipsius

537 3146 711 3234 dominae,
738 3148 919 3223 vocabulo
946 3150 1088 3222 Emmae
1104 3148 1132 3234 ¹,
1154 3164 1195 3222 ut
1214 3147 1288 3223 hoc
1309 3167 1510 3236 annueret,
1533 3176 1580 3226 xx
1600 3148 1741 3227 solidos
1769 3148 1954 3224 dedimus,

537 3274 819 3368 Quaelibenter,
845 3306 931 3354 cum
945 3275 1033 3353 liliis
1049 3275 1126 3352 suis
1143 3274 1343 3353 Willelmo
1361 3294 1399 3353 et
1414 3277 1607 3370 osberno,
1629 3278 1836 3385 predictam
1857 3307 1958 3382 emp
2032 3374 2036 3383 ι

535 3407 678 3481 tionem
704 3434 780 3484 non
807 3408 931 3486 solum
955 3407 1103 3497 annuit,
1128 3405 1333 3483 sedetiam
1358 3408 1458 3484 dono
1484 3411 1638 3514 proprio
1662 3408 1892 3498 nobilitavit,
1919 3426 1957 3483 et

537 3536 751 3614 eternaliter
770 3539 1036 3646 possidendam
1058 3536 1301 3615 confirmavit.
1868 3544 1876 3557 ’

704 3745 828 3826 Signum
849 3745 942 3826 ipsius
961 3743 1074 3809 Erum
1099 3741 1219 3824 signum
1238 3740 1412 3810 wimarum
1435 3741 1554 3823 signum
1571 3740 1861 3809 mensurnorum
1881 3744 1954 3822 ejus.

746 3845 872 3928 Signum
888 3845 1015 3907 Ricanm
1028 3843 1065 3906 de
1076 3843 1190 3906 Bernai.
1205 3842 1330 3926 Signum
1346 3843 1447 3906 Cnocr.
1463 3843 1588 3927 Signum
1605 3843 1828 3905 Eucurunarm,
1840 3842 1953 3903 Testes:

745 3945 934 4019 Bursauone,
949 3968 1048 4018 cocus:
1065 3950 1228 4018 Ricaunos,
1245 3947 1391 4015 tenerem
1412 3947 1568 4010 Oscenses
1583 3948 1782 4022 Bnuuoosren.

1203 4212 1282 4324 rvr.

596 4405 704 4484 Anno
724 4409 770 4485 ab
791 4408 1044 4486 incarnatione
1063 4406 1218 4486 Domini
1237 4407 1643 4497 uexvn1.,Willelmus
1664 4407 1952 4497 comes²„lilius

534 4535 693 4615 Osbemi
713 4538 889 4650 dapiferi,
913 4570 997 4617 cum
1018 4539 1174 4616 domino
1190 4563 1277 4626 suo,
1300 4564 1386 4644 rege
1402 4537 1611 4646 Anglorum
1620 4537 1835 4625 Willelmo,
1853 4537 1952 4614 ultra

534 4696 635 4744 mare
655 4666 858 4772 profectus,
876 4688 913 4747 et
929 4668 1073 4747 ibidem
1092 4669 1216 4776 aliqua
1235 4664 1458 4774 ae'gritudine
1476 4669 1666 4760 detentus,
1685 4666 1790 4745 dedit
1808 4667 1950 4745 Sanctae

576 4832 584 4863 ¹
609 4835 711 4894 l⁷xoris
724 4837 847 4897 Osberni
864 4835 994 4919 dapiferi.
1149 4842 1153 4847 '
1237 4833 1248 4864 ¹
1270 4833 1339 4894 Erat
1351 4856 1448 4896 comes
1461 4837 1570 4896 Palatii.
1584 4836 1658 4896 Vide
1672 4835 1800 4895 obortam
1815 4857 1904 4898 nxvu.
