4478 5842
587 528 907 600 MONASTERII
935 528 1141 599 SANCTAE
1167 529 1468 600 TRlNlTATlS.
1664 533 1736 605 459

933 792 1098 864 LXXV.

369 989 477 1065 Anno
500 987 602 1062 dom.
626 983 890 1061 incarnationis
909 962 1084 1070 unsrun,
1098 985 1317 1073 Mauricius,
1340 985 1441 1062 silius
1462 985 1733 1082 Corbuzzonis‚

314 1116 504 1194 camerarii
532 1115 700 1207 comitis,
722 1114 949 1191 multimoda
974 1113 1132 1191 afflictus
1155 1118 1391 1205 necessitate,
1418 1146 1487 1193 nec
1514 1117 1594 1196 ullo
1619 1123 1735 1199 modo

313 1265 449 1323 terram
468 1246 562 1323 villae
584 1243 768 1335 Gruceth,
790 1273 903 1351 quam
923 1241 1033 1320 nobis
1053 1273 1185 1351 magna
1206 1240 1371 1351 exparte
1393 1247 1656 1341 invadiaverat,
1677 1281 1736 1327 va-

312 1378 393 1454 lens
408 1376 617 1461 redimere,
640 1374 686 1450 ab
702 1374 835 1450 abbate
855 1374 1040 1481 Raynerio
1064 1392 1100 1450 et
1121 1376 1315 1452 monachis
1339 1378 1505 1481 expetiit,
1526 1394 1569 1453 ut
1584 1378 1654 1455 sibi
1670 1382 1735 1455 ali-

311 1505 458 1611 quidex
474 1506 551 1610 ipsa
565 1523 664 1580 terra
684 1505 933 1593 dimitterent,
957 1521 995 1579 et
1015 1521 1136 1579 cetera
1156 1504 1227 1582 sibi
1248 1505 1476 1584 hereditario
1488 1507 1575 1613 jure
1595 1509 1735 1584 retine-

311 1652 406 1712 rent.
425 1635 538 1728 Quod
552 1634 693 1740 placuit
708 1634 833 1709 abbati
847 1650 884 1708 et
903 1633 1127 1709 senioribus.
1145 1634 1260 1710 Dedit
1273 1636 1387 1742 igitur
1403 1637 1544 1713 Sanctae
1560 1639 1731 1714 Trinitati

311 1769 349 1841 in
376 1764 561 1854 alodium,
590 1766 636 1839 ad
657 1763 738 1869 ejus
763 1762 895 1854 altare,
921 1791 1073 1839 omnem
1097 1780 1235 1839 terram
1256 1761 1443 1855 Gruoetb,
1471 1784 1604 1872 praetcr
1627 1768 1731 1844 baec:

311 1924 432 1973 unum
453 1894 595 1969 scilicet
617 1895 819 1977 rusticum,
845 1893 999 1968 nomine
1024 1893 1288 1981 Willelmum‚
1315 1895 1437 1971 filium
1464 1896 1674 1989 Goisberti,
1697 1917 1735 1974 et

311 2026 471 2101 alterum
491 2021 655 2098 liberum
678 2021 825 2111 Werel,
850 2050 936 2097 curn
958 2048 1024 2097 sua
1042 2037 1160 2111 terra,
1184 2039 1221 2098 et
1237 2039 1375 2098 terram
1394 2025 1585 2117 Alveradi,
1608 2031 1674 2104 sed
1696 2047 1734 2105 et

309 2185 330 2236 v
355 2178 457 2230 acres
478 2170 586 2230 terrae
612 2154 793 2230 Mesturaz
820 2169 858 2228 et
880 2166 957 2228 tres
982 2151 1022 2227 in
1043 2151 1197 2229 Maresc.
1218 2154 1271 2228 Ea
1296 2152 1411 2259 igitur
1429 2156 1573 2231 ratione
1597 2157 1676 2232 haec
1698 2161 1731 2235 ei

309 2284 464 2393 largitus
489 2300 545 2360 est
564 2283 696 2394 abbam
723 2301 765 2360 ut
788 2282 885 2361 nuili
909 2312 953 2361 ex
974 2283 1034 2359 his
1054 2310 1137 2389 quae
1159 2283 1230 2360 sibi
1254 2283 1399 2362 dimisit
1420 2314 1543 2392 neque
1568 2289 1731 2365 vendere

308 2448 431 2526 neque
448 2415 637 2493 invadiare
658 2416 794 2492 habeat
808 2432 1048 2521 potestatem,
1066 2414 1138 2493 nisi
1160 2415 1353 2492 monachis
1369 2417 1510 2493 Sanctae
1526 2417 1728 2495 Trinitatis.

477 2598 602 2678 Signum
618 2594 769 2653 Maumcu.

923 2807 1108 2881 LXXVI.

361 3007 499 3083 Notum
516 3005 564 3079 sit
579 3000 756 3079 omnibus
772 2999 965 3078 Christum
978 2999 1208 3087 colentibus,
1226 2999 1501 3106 quodquidam
1522 2998 1728 3076 monachus

309 3135 450 3212 Sanctae
468 3133 664 3212 Trinitatis
683 3131 982 3237 Rotomagensis,
1002 3133 1111 3237 Hugo
1127 3130 1323 3222 nomine1,
1346 3129 1438 3206 emit
1457 3129 1728 3236 quinquaginta

306 3293 410 3341 acros
428 3281 555 3354 terrae,
577 3264 616 3337 in
636 3261 723 3337 villa
743 3290 826 3367 quae
849 3260 986 3336 dicitur
1002 3259 1142 3348 Bodes‚
1160 3288 1207 3340 v11
1224 3261 1337 3338 libras
1358 3261 1598 3338 denariorum
1615 3277 1653 3336 et
1667 3287 1727 3336 xv1

306 3393 464 3484 solidos,
486 3395 532 3472 ab
548 3391 683 3485 Oduii,
701 3391 839 3468 semina
857 3391 1022 3501 Rogen'i,
1042 3392 1107 3497 qui
1124 3391 1460 3498 cognominabatur
1475 3390 1724 3496 Maipasnage,

305 3541 343 3599 et
365 3554 386 3600 a
406 3523 495 3601 filiis
514 3523 609 3614 suis,
632 3521 813 3600 Rotberto
829 3519 1004 3598 videlicet
1024 3537 1062 3596 ct
1076 3520 1255 3626 Rogerio,
1277 3519 1555 3625 inperpetuum
1575 3518 1727 3594 beredi-

303 3671 439 3742 tatem;
462 3671 500 3731 et
520 3654 684 3731 domnus
699 3652 812 3728 abbas
831 3649 1077 3737 lsembertus,
1100 3651 1206 3757 cujus
1221 3666 1392 3756 tempore
1407 3648 1485 3723 baee
1504 3665 1606 3757 gesta
1619 3662 1723 3737 sunt,

305 3783 428 3858 eidem
450 3782 622 3889 predicto
643 3781 824 3858 Rotberto
845 3779 1308 3859 v1111acrosinbeneficio
1329 3776 1500 3855 contulit.

899 4033 1123 4109 LXXVII.

357 4232 500 4306 lterum
515 4246 649 4306 notum
667 4230 715 4307 sit
730 4225 934 4306 omnibusfi
950 4226 1116 4320 delibus,
1133 4228 1238 4334 quod
1252 4229 1403 4315 Emma,
1428 4245 1546 4304 mater
1562 4227 1723 4304 Hilberti

302 4361 349 4437 de
366 4359 490 4450 Lacei,
510 4358 616 4435 dedit
630 4359 767 4437 Sancto
780 4357 969 4449 rimando,
987 4358 1138 4464 quando
1154 4357 1329 4435 monialis
1344 4355 1487 4434 ibidem
1503 4356 1631 4436 effecta
1650 4375 1721 4448 est,

301 4517 374 4568 xxu
391 4518 495 4568 accos
511 4508 617 4566 terrae
634 4491 673 4565 in
689 4490 821 4567 eadem
836 4488 938 4577 villa,
957 4488 996 4564 in
1011 4504 1233 4594 perpetuam
1251 4487 1517 4578 hereditatem,
1538 4489 1577 4566 in
1592 4507 1722 4568 monte

344 4680 351 4711 ¹
375 4681 431 4745 Hic
458 4682 545 4765 Hugo
571 4685 686 4745 videtur
708 4680 789 4744 baud
817 4701 881 4743 essa
907 4681 980 4742 alius
1038 4682 1216 4743 monasterio
1232 4679 1344 4743 Sancte
1359 4680 1525 4754 Trinitatis,
1543 4684 1720 4766 amplexatus

299 4807 391 4870 quam
403 4784 481 4846 filius
491 4788 667 4848 vicecomitis
677 4785 817 4853 Gozelini.
830 4784 980 4869 quiritum
1038 4798 1106 4848 erat.

299 4888 505 4957 claustralem,
531 4912 600 4950 cum
623 4902 702 4972 patre
721 4888 926 4961 consociam,
948 4887 978 4946 in

1472 4988 1512 5048 58
