4388 5850
554 508 868 583 MONASTERII
896 513 1439 622 SANCTAE-TRINITATIS.
1637 517 1709 592 liti)

293 679 397 738 nem,
419 679 505 726 cum
524 677 570 726 xx
590 650 683 726 acris
702 667 809 726 terrm
829 651 869 726 in
886 668 1107 757 perpetuam
1127 653 1393 740 hereditatem,
1412 684 1480 759 per
1495 686 1614 734 unum
1634 657 1709 733 albi

292 778 481 854 manubrii
502 778 710 856 cultellum.
728 781 822 857 Item
843 780 922 885 ipse
947 781 1168 873 liutbertus,
1190 811 1266 859 una
1290 813 1377 860 cum
1400 812 1516 861 uxore
1537 815 1623 874 sua,
1644 814 1710 863 no-

292 911 394 987 mine
419 913 558 1002 Renza,
584 910 760 987 societate
788 910 904 986 nostri
930 910 1004 990 loci
1030 930 1194 1018 accepta,
1215 942 1285 1018 pro
1306 913 1475 991 remedio
1500 916 1708 993 animarum

291 1069 464 1128 suarum,
489 1041 630 1116 Sanctae
659 1040 834 1118 Trinitati
862 1071 905 1117 ex
936 1041 1089 1149 proprio
1107 1043 1192 1150 jure
1223 1043 1410 1151 sexaginta
1428 1044 1599 1152 jugeres,
1616 1074 1711 1151 quos

290 1201 392 1249 acres
406 1171 585 1259 dicimus,
606 1170 645 1245 in
665 1170 897 1248 Chevrevilla
917 1171 955 1246 in
979 1170 1105 1250 alodio
1130 1173 1328 1251 dederunt.
1351 1178 1507 1252 Terram
1528 1175 1640 1252 etiam
1662 1177 1709 1252 de

291 1303 556 1390 Chevremont,
569 1286 681 1407 quam
697 1299 903 1378 Ansfredus
913 1302 1067 1379 tenebat
1080 1303 1127 1378 de
1142 1302 1286 1410 prelato
1302 1305 1483 1383 Rotberto
1505 1305 1545 1381 in
1565 1324 1708 1413 septem

290 1432 424 1520 molas,
449 1431 554 1509 dedit
573 1432 651 1537 ipse
668 1432 870 1509 Rotbertus
893 1433 1035 1509 Sanctae
1056 1433 1242 1511 Trinitati.
1264 1435 1399 1513 Actum
1424 1451 1592 1541 tempore
1612 1435 1709 1516 Wil-

290 1562 414 1655 lelmi‚
437 1561 628 1639 fortissimi
650 1562 846 1668 principis,
869 1562 935 1637 filii
961 1563 1130 1639 liotberti
1158 1545 1321 1654 comitis,
1351 1567 1646 1672 ipso-annuente
1673 1583 1710 1641 et

290 1693 553 1782 confirmante,
572 1692 643 1769 sub
665 1692 804 1773 horum
823 1693 1041 1770 testimonio
1059 1694 1238 1772 virorum.

456 1873 581 1960 Signum
600 1877 693 1958 ipsius
706 1876 880 1942 Wrnmnur,
893 1875 1041 1957 principis.
1062 1875 1189 1957 Signum
1203 1877 1351 1958 Roraunrr
1366 1878 1403 1940 de
1419 1879 1571 1942 Maineres.
1586 1881 1708 1963 Signum

499 1967 620 2046 lienam,
632 1978 728 2039 uxoris
745 1979 816 2060 ejus.
833 1976 956 2057 Signum
966 1976 1127 2046 Avsrnsur,
1139 1978 1191 2039 lilii
1204 1978 1291 2040 Adlae.
1309 1981 1433 2062 Signum
1448 1984 1707 2045 Hrnscnnunannr.

500 2079 625 2162 Signum
644 2080 790 2147 Osmmr.
809 2078 863 2141 lilii
882 2077 1019 2160 Maingot.
1035 2080 1162 2161 Signum
1181 2083 1337 2143 Wncnmu
1358 2083 1398 2144 de
1415 2082 1558 2166 Capetval.
1584 2085 1708 2166 Signum

500 2182 750 2252 Hencuaumam,
773 2181 911 2242 avunculi
934 2181 1068 2244 Osberni.
1088 2182 1212 2265 Signum
1233 2185 1379 2245 Wraunrr
1404 2185 1442 2246 de
1459 2185 1645 2247 chevreville.
1667 2185 1709 2246 Si-

499 2305 592 2366 gnum
605 2283 778 2345 Gonnrnrnr
794 2284 904 2345 Fruar.
918 2283 1042 2367 Signum
1055 2285 1189 2347 Wanntr.
1201 2285 1326 2368 Signum
1338 2286 1499 2356 Tursrrnr,
1516 2287 1567 2346 lilii
1583 2286 1706 2369 Wign'n.

497 2387 622 2469 Signum
634 2387 768 2448 Tunounr
788 2386 825 2448 de
841 2386 988 2448 Drincurt.
1002 2387 1127 2470 Signum
1142 2388 1308 2450 Gornunm.
1336 2389 1460 2471 Signum
1475 2389 1640 2451 Gunrneur.
1664 2391 1708 2452 Si·

500 2511 594 2571 gnum
614 2490 790 2551 Hecrnannr.
808 2488 932 2571 Signum
947 2491 1124 2560 Wannrnn,
1139 2491 1323 2552 vicedomini.
1339 2491 1463 2575 Signum
1478 2490 1648 2562 Banasam,
1665 2492 1705 2554 so·

501 2594 622 2652 testarii.
643 2592 767 2675 Signum
790 2593 931 2662 Borean,
956 2593 1011 2654 filii
1032 2598 1105 2678 ejus.
1127 2593 1252 2677 Signum
1272 2594 1396 2662 tvmn,
1416 2595 1562 2677 prepositi.
1582 2594 1706 2676 Signum

501 2694 627 2755 Rooran
645 2695 769 2755 Peucon.

936 2942 1044 3038 ιιι.

348 3158 514 3250 Quidam
530 3156 586 3232 vir
599 3158 775 3264 >egregius
799 3157 847 3234 de
866 3157 1096 3246 Bandivilla,
1115 3158 1268 3234 nomine
1292 3155 1488 3244 Ricardus,
1508 3186 1595 3235 cum
1619 3187 1705 3235 uxo

210 3379 216 3393 ι
294 3289 345 3364 ris
364 3317 438 3365 suae
458 3287 702 3395 filiorumque
720 3315 876 3366 suorum
898 3302 1010 3395 atque
1028 3287 1241 3397 ingelranni
1257 3287 1402 3364 domini
1423 3287 1480 3364 sui
1501 3313 1701 3375 consensu,

287 3419 404 3496 totius
419 3418 532 3511 villae,
543 3447 626 3525 quae
643 3418 780 3496 dicitur
795 3416 977 3507 Putbuel‚
994 3418 1138 3523 inpago
1151 3418 1434 3520 Rotomagensi,
1451 3415 1652 3506 decimam,
1667 3434 1704 3493 et

289 3577 351 3624 sex
365 3549 473 3626 honae
489 3566 595 3625 terrm
614 3578 722 3656 agros
739 3549 879 3624 Sanctae
899 3545 1075 3632 Trinitati
1095 3544 1220 3620 eidem
1234 3543 1369 3620 civitati
1385 3543 1612 3633 imminenti,
1633 3574 1702 3650 pro

288 3679 420 3754 animae
435 3707 510 3754 suae
526 3677 714 3762 remedio,
730 3678 769 3750 in
781 3692 1000 3782 perpetuam
1015 3674 1263 3750 hereditatem
1275 3672 1443 3750 tradidit.
1459 3672 1602 3750 Placuit
1614 3704 1702 3784 ergo

261 3908 265 3916 Ι
286 3806 393 3882 istius
403 3805 475 3882 loci
494 3805 688 3882 monachis
702 3835 771 3912 pro
784 3805 854 3882 hac
866 3802 906 3882 re
923 3806 957 3883 ei
972 3804 1162 3911 duplicem
1179 3802 1387 3912 rependere
1401 3803 1573 3912 gratiam,
1595 3805 1704 3883 idest

287 3935 520 4041 corporalem
530 3953 567 4014 et
575 3934 781 4041 spiritalem
793 3967 802 4011 ε
815 3935 1048 4044 corporalem
1058 3935 1417 4043 videlicetquattuor
1429 3934 1544 4013 libras
1554 3936 1703 4041 etquin·

286 4095 361 4172 que
376 4065 516 4145 solidos
533 4067 795 4155 denariorum3
813 4065 1016 4173 spiritalem
1025 4095 1125 4157 vero,
1142 4067 1245 4174 quod
1256 4065 1485 4173 precipuum
1502 4080 1575 4154 est,
1587 4065 1703 4142 totius

287 4196 586 4309 congregationis
596 4197 635 4272 in
654 4196 831 4275 omnibus
847 4195 1051 4274 benefactis
1069 4197 1298 4276 consortium
1321 4195 1571 4273 fraternitatis.
1587 4196 1704 4304 Igitur

286 4328 336 4404 ob
348 4328 560 4405 donationis
571 4326 873 4436 affirmationem,
887 4327 1140 4436 propriis'eam
1151 4325 1525 4434 superhujustempli
1535 4326 1650 4404 altare
1663 4329 1706 4403 si·

285 4457 507 4566 gillaverunt
516 4458 701 4548 manibus,
716 4457 1079 4536 excommunicantes
1091 4455 1307 4534 eternaliter
1313 4456 1427 4565 hujus
1436 4455 1490 4532 rei
1503 4456 1700 4535 invasores.

453 4622 578 4704 Signum
593 4625 728 4685 ilicium.
750 4623 875 4706 Signum
889 4604 1072 4707 ldargrmrs,
1096 4624 1193 4685 uxoris
1211 4626 1289 4708 ejus.
1302 4621 1428 4707 Signum
1443 4621 1633 4692 Gtsnmmrr,
1649 4620 1703 4684 iiiii

495 4729 569 4810 ejus.
588 4725 707 4789 Teates:
728 4726 913 4790 Nonuanvus
934 4725 971 4790 de
993 4725 1148 4795 Hesiodea
1164 4713 1333 4796 melanas,
1352 4724 1496 4795 senmcah
1514 4725 1577 4786 Bra
1632 4743 1701 4791 nus,

1592 4984 1617 5083 k
1636 5006 1642 5015 Ι

1619 5086 1625 5097 x

1628 5104 1632 5111 x
