4478 5842
614 495 931 569 MONASTERH
962 494 1180 566 SANCTAE
1205 494 1506 569 TRINITATIS.
1695 496 1768 571 [127

1001 812 1116 890 vlll.

410 1011 453 1084 In
473 1009 543 1086 Dei
564 1008 736 1099 nomine,
762 1023 898 1083 notum
924 1005 973 1082 sit
992 1005 1172 1084 omnibus
1191 1006 1398 1085 christianae
1425 1008 1517 1086 fidei
1542 1009 1768 1104 cultoribus,

357 1137 592 1243 presentibus
610 1136 751 1216 scilicet
770 1154 808 1217 ct
826 1135 979 1223 futuris,
999 1135 1105 1243 quod
1123 1135 1326 1216 Gozeiinus
1344 1138 1568 1227 vicecomes,
1592 1139 1770 1220 fundator

251 1339 252 1343 ,
284 1248 287 1268 ’
354 1269 481 1346 nostri
492 1267 673 1360 coenobii,
693 1269 836 1346 Sancte
856 1266 998 1345 scilicet
1015 1266 1223 1356 Trinitatis,
1245 1267 1352 1374 quod
1370 1269 1483 1346 situm
1510 1287 1565 1346 est
1589 1271 1630 1346 in
1653 1274 1770 1351 Roto-

354 1399 519 1507 megensi
539 1399 688 1485 Monte,
707 1397 830 1488 dedit,
849 1397 1000 1474 donavit
1017 1413 1057 1474 et
1068 1397 1225 1475 tradidit
1239 1398 1348 1475 nobis
1361 1399 1632 1506 quodcumque
1651 1403 1770 1506 possi·

356 1527 469 1605 debat
487 1527 527 1604 in
547 1527 641 1604 valle
657 1527 920 1618 Wstlrenensi,
938 1555 1026 1603 sues
1037 1527 1179 1605 scilicet
1196 1528 1323 1605 vineas
1336 1546 1373 1605 et
1390 1528 1667 1635 coemptionem
1687 1559 1770 1608 om·

355 1659 463 1733 nium
475 1657 687 1747 vinearum,
705 1686 819 1766 quam
837 1656 992 1734 tenebat
1008 1659 1055 1734 de
1076 1655 1239 1763 quodam
1259 1656 1605 1748 homine,.norninc
1626 1657 1768 1746 Gamh,

354 1803 543 1866 aunuente
558 1805 596 1866 et
609 1787 855 1867 confirmante
872 1788 945 1865 hoc
962 1786 1160 1877 Rotherto,
1180 1784 1308 1864 inclito
1322 1788 1491 1893 principe
1508 1815 1549 1861 ae
1567 1787 1662 1865 duce
1679 1790 1770 1865 Nor·

355 1944 598 2003 mannorum,
621 1934 659 1994 et
677 1917 758 1994 filio
782 1916 862 2021 ejus
880 1915 1094 2007 Willelmo,
1116 1943 1327 1992 successore
1348 1918 1474 2020 ipsius.

522 2116 651 2200 Signum
664 2115 1025 2186 Genesion-vicecomitis.

1024 2397 1094 2475 1x,

413 2593 516 2669 Inter
536 2592 720 2670 beneficia
744 2622 845 2699 quae,
871 2619 940 2700 pro
961 2592 1093 2667 animae
1117 2620 1192 2669 suae
1216 2590 1402 2683 remedio,
1428 2593 1632 2670 vicecomes
1653 2594 1769 2670 Roto-

357 2722 455 2828 magi
469 2720 672 2798 Gozelinus
682 2722 771 2798 huic
784 2722 926 2798 Sancte
937 2720 1131 2797 Trinitatis
1145 2720 1246 2808 loco,
1262 2721 1367 2827 cujus
1379 2720 1482 2798 idem
1499 2722 1577 2828 ipse
1592 2721 1770 2799 fundator

356 2868 394 2925 et
413 2865 695 2925 consummator
714 2848 857 2955 primus
877 2849 1012 2937 extitit,
1031 2850 1146 2925 vince
1162 2849 1292 2925 decem
1315 2849 1501 2954 nrpendos
1521 2849 1559 2924 in
1580 2847 1769 2926 territorio

357 2978 589 3055 Vernonensi
621 2978 660 3052 in
682 2978 810 3085 Longa
835 2978 933 3056 Villa
962 2978 1198 3057 dovotissime
1225 2978 1380 3086 largitus
1406 2996 1473 3057 est.
1502 2980 1605 3055 Hanc
1631 2978 1696 3056 ille
1722 2978 1770 3075 ab

358 3106 494 3184 illustri
512 3105 694 3201 Heltone,
715 3108 889 3218 generosi
904 3104 1077 3188 Gulberti
1098 3107 1196 3199 lilio,
1219 3108 1315 3186 datis
1338 3107 1582 3186 denariorum
1607 3107 1770 3216 probate

356 3254 516 3314 monetae
536 3237 722 3346 sexaginta
737 3237 864 3327 libris,
889 3237 997 3331 emit,
1019 3267 1105 3316 cum
1120 3237 1237 3316 totius
1257 3265 1390 3315 census
1409 3236 1580 3315 libertate
1596 3238 1683 3345 jure
1701 3238 1770 3314 he·

355 3366 551 3458 rediturio,
583 3396 707 3445 corum
731 3367 909 3446 fidelibus
938 3369 1015 3447 suis
1045 3386 1082 3445 et
1110 3368 1283 3474 plurimis
1312 3365 1506 3446 nobilibus
1540 3385 1577 3444 et
1601 3367 1769 3444 honestis

353 3496 529 3586 testibus,
551 3498 757 3605 dequibus
775 3497 952 3579 nonnulli
971 3498 1158 3607 signanus
1175 3496 1488 3602 subscripssrrmt,
1511 3523 1673 3604 quorum
1693 3495 1771 3573 haec

355 3642 442 3701 sunt
461 3649 624 3703 nomina.

522 3823 648 3917 Signum
669 3824 836 3895 Rorsmn,
857 3827 981 3888 comitis.
999 3826 1125 3910 Signum
1140 3826 1306 3893 Bonosum,
1327 3824 1543 3906 archiepiscopi.
1563 3823 1689 3906 Signum
1711 3823 1770 3886 Go-

565 3945 676 3996 zsnnu,
692 3928 879 3989 vicecomitis.
904 3928 1031 4011 Signum
1052 3929 1231 3996 hunnine,
1256 3928 1351 3988 uxoris
1368 3928 1441 4010 ejus.
1464 3923 1588 4006 Signum
1610 3924 1769 3987 Hannonis.

564 4026 689 4109 Signum
703 4030 880 4100 Wnnnssm,
892 4031 986 4092 frenis
1001 4031 1142 4093 Heltonis.
1154 4031 1280 4113 Signum
1292 4031 1463 4099 Wrncnnur,
1476 4027 1592 4090 heredis
1606 4027 1747 4088 Heltonis.

1040 4310 1088 4388 X.

411 4505 600 4612 Tempore
623 4507 721 4617 regis
751 4506 979 4588 Francorum
1005 4505 1170 4614 Philippi
1183 4511 1206 4599 ¹,
1238 4503 1505 4588 Normanninm
1528 4521 1680 4585 strenue
1713 4529 1771 4581 re-

355 4651 467 4740 gente
487 4636 617 4717 inclito
636 4637 834 4719 Willelmo
852 4637 1058 4733 marchiso,
1072 4637 1157 4720 filio.
1171 4635 1342 4717 lietberti
1359 4635 1520 4725 comitis,
1541 4629 1697 4742 quidum
1716 4632 1771 4707 vir

399 4814 407 4847 ¹
430 4817 622 4903 stuppam,
636 4822 708 4885 eru
722 4822 829 4905 putu
850 4841 928 4884 mo
946 4802 1045 4909 roso?
1221 4779 1224 4785 ’
1316 4779 1319 4786 ’

1509 4920 1559 4986 Sd
