4478 5842
338 486 411 558 tot
678 485 1086 560 CHARTULARIUM
1122 485 1402 558 SITHIENSE.

335 625 658 732 quemadmodum
685 656 706 703 a
732 624 994 733 predecessore
1020 641 1150 703 nostro
1173 624 1293 701 felicis
1311 623 1494 701 memorie
1520 651 1614 730 papa
1639 623 1753 700 lnno-

335 756 474 847 centio,
499 755 675 832 iratribus
696 755 773 831 suis
792 754 1068 859 presidentibus
1092 773 1130 830 et
1151 753 1472 845 collaudantibus,
1498 753 1592 830 lacta
1617 770 1689 842 est,
1715 767 1756 828 et

334 885 458 991 scripti
484 885 539 961 sui
563 884 774 960 munimine
799 883 993 975 roborata,
1020 883 1208 960 imitantes
1237 883 1297 989 pie
1319 883 1588 960 recordationis
1616 880 1752 986 prede-

333 1044 520 1092 cessorum
539 1031 753 1090 nostrorum
775 1014 934 1119 Eugenii
953 1031 990 1089 et
1007 1012 1225 1103 Alexandri,
1247 1013 1469 1119 pontificum
1494 1015 1748 1089 Romanorum

331 1146 500 1252 vestigia,
528 1144 746 1220 auctoritate
775 1142 976 1248 apostolica
1002 1143 1290 1235 confirmamus,
1320 1160 1358 1219 et
1386 1161 1501 1219 ratam
1529 1169 1746 1248 permanere

330 1301 536 1350 censemus.
559 1271 763 1379 Privilegiis
786 1272 931 1378 itaque,
954 1273 1219 1353 Cluniacenses
1234 1302 1308 1381 que
1326 1301 1439 1379 super
1459 1274 1533 1350 hoc
1549 1302 1588 1349 sc
1608 1273 1746 1349 habere

329 1403 374 1479 ab
391 1402 592 1510 apostolica
611 1396 698 1479 sede
715 1402 905 1493 dicebant,
926 1403 972 1480 ab
989 1404 1125 1480 eodem
1140 1404 1380 1495 Innocentio,
1394 1404 1543 1511 justicia
1564 1402 1745 1492 dictante,

329 1534 490 1626 cassatis,
512 1534 559 1609 ad
577 1533 764 1638 exemplar
779 1534 1036 1638 predictorum
1054 1534 1360 1640 predecessorum
1381 1552 1596 1611 nostrorum
1615 1535 1748 1611 Roma·

328 1690 463 1739 norum
491 1662 732 1769 pontificum,
759 1679 834 1738 tam
864 1691 937 1758 vos¹
953 1692 1067 1769 qnam
1095 1690 1324 1741 successores
1347 1679 1507 1754 vestros,
1538 1690 1685 1740 necnon
1704 1679 1749 1739 et

326 1795 449 1899 ipsum
474 1792 741 1871 monasterium
766 1794 881 1872 sancti
902 1794 1043 1871 Bertini
1068 1793 1114 1869 ab
1134 1791 1352 1901 hujusmodi
1371 1793 1436 1870 lite
1462 1810 1499 1869 et
1521 1792 1748 1871 Cluniacen·

326 1922 423 1999 sium
448 1925 681 2032 subjectione
704 1924 951 2014 absolvimus,
977 1924 1154 2028 idemque
1179 1920 1380 2000 cenobium
1405 1923 1567 2000 libertati
1593 1924 1745 2030 proprie

325 2055 557 2146 restitutum,
579 2055 678 2131 salvo
693 2057 779 2164 jure
800 2054 1050 2155 Tamanensis
1072 2052 1225 2130 ecclesie
1249 2052 1306 2130 vel
1330 2052 1510 2161 episcopi,
1532 2052 1602 2130 sub
1630 2053 1746 2131 solius

325 2186 490 2261 Romane
508 2184 662 2263 ecclesie
683 2186 826 2263 ditione
843 2184 901 2261 vel
920 2184 1037 2261 tutela
1055 2201 1238 2290 perpetuo
1256 2211 1476 2289 permanere
1495 2174 1744 2261 decernimus.

326 2314 381 2390 Ad
405 2315 588 2392 indicium
618 2333 760 2404 autem,
788 2307 856 2392 etc.
888 2313 960 2420 [Ut
985 2314 1024 2388 in
1048 2313 1242 2419 privilegio
1261 2313 1466 2390 lnnocentii
1494 2342 1606 2419 pape,
1635 2343 1746 2420 supra

325 2445 490 2551 scripto]
509 2449 651 2524 Locum
670 2448 812 2553 ipsum,
829 2447 932 2553 juxta
948 2461 1108 2521 castrum
1126 2444 1251 2521 Sancti
1267 2443 1491 2535 Audomari,
1511 2446 1551 2520 in
1568 2472 1645 2550 quo
1659 2473 1746 2551 pre-

324 2574 441 2653 latum
467 2578 737 2655 monasterium
761 2576 875 2654 situm
905 2592 979 2668 est,
1006 2603 1089 2651 cum
1119 2575 1295 2652 omnibus
1321 2575 1557 2683 pertinentiis
1585 2575 1671 2653 suis.
1700 2578 1742 2653 ln

324 2707 529 2785 Morinensi
550 2707 759 2814 parrochia,
789 2723 858 2785 etc.
887 2704 958 2811 [Ut
984 2705 1023 2781 in
1051 2705 1186 2783 eodem
1211 2705 1406 2815 privilegio
1431 2706 1675 2814 lnnocentii.]
1701 2709 1743 2784 ln

324 2835 580 2914 Cantuariensi
598 2839 807 2944 parrochia,
828 2836 1020 2915 ecclesiam
1036 2837 1084 2912 de
1102 2836 1281 2945 Trulega,
1301 2836 1492 2914 ecclesiam
1513 2836 1560 2913 de
1578 2838 1741 2929 Cilham,
1824 2830 1842 2865 ³

325 2995 409 3040 cum
436 2996 562 3042 earum
586 2968 737 3073 capellis
761 2985 798 3043 et
825 2967 906 3045 aliis
932 2967 1173 3073 pertinenciis
1196 2966 1285 3044 suis.
1313 2967 1635 3074 Compositionem
1658 3000 1742 3075 pre·

323 3113 422 3171 terea
449 3098 546 3173 inter
567 3127 631 3174 vos
652 3116 689 3174 et
708 3097 929 3173 abbatissam
952 3099 998 3172 de
1022 3097 1194 3206 Broburg
1214 3128 1325 3205 super
1346 3100 1528 3176 terminos
1547 3103 1744 3204 parrochie

322 3244 457 3316 vestre,
476 3229 523 3303 de
542 3256 692 3305 assensu
708 3228 870 3335 partium
890 3225 1040 3318 laetam,
1063 3228 1157 3303 sicut
1174 3207 1262 3304 hinc
1282 3229 1371 3305 inde
1391 3246 1537 3336 recepta
1556 3234 1626 3318 est',
1647 3233 1740 3308 etin
1770 3254 1778 3265 “

322 3358 458 3463 scripto
478 3360 665 3436 autentico
682 3356 904 3452 venerabilis
926 3356 1049 3435 fratris
1074 3357 1191 3434 nostri
1215 3359 1448 3436 Morinorum
1471 3361 1633 3467 episcopi
1653 3391 1742 3439 con-

321 3488 475 3581 tinetur,
494 3507 611 3566 ratam
629 3490 827 3579 habemus,
850 3506 889 3567 et
906 3517 987 3566 eam
1005 3488 1224 3565 auctoritate
1242 3489 1444 3594 apostolica
1463 3492 1738 3570 confirmamus.

323 3621 435 3711 Quod
457 3639 580 3699 autem
599 3621 647 3698 de
667 3620 808 3726 capella
829 3614 866 3698 et
886 3618 1070 3697 cimiterio
1091 3619 1326 3726 leprosorum
1345 3621 1393 3696 de
1412 3622 1583 3730 Broburg
1602 3624 1740 3701 abone

321 3741 503 3829 memorie
524 3751 683 3839 Milone,
707 3752 881 3858 episcopo
906 3751 1131 3839 Morinensi,
1155 3767 1337 3829 statutum
1357 3768 1426 3842 est,
1452 3771 1490 3831 et
1513 3755 1650 3861 scripto
1670 3782 1739 3831 suo

321 3882 529 3971 firmatum,
553 3899 678 3959 ratum
703 3910 855 3958 manere
879 3908 1092 3970 censemus,
1121 3881 1170 3957 ita
1197 3881 1371 3959 videlicet
1394 3898 1438 3959 ut
1463 3883 1502 3959 in
1528 3884 1660 3961 eadem
1683 3914 1740 3962 ca·

320 4012 418 4118 pella
444 4013 600 4118 leprosis
624 4029 770 4090 tantum
795 4029 832 4089 et
863 4012 933 4090 sibi
958 4010 1205 4089 servientibus
1235 4009 1403 4089 divinum
1426 4012 1637 4090 celebretur
1659 4014 1740 4091 offi-

319 4145 435 4236 tium,
454 4161 564 4251 atque
582 4144 621 4219 in
640 4170 772 4220 eorum
791 4141 976 4220 cimiterio
993 4140 1102 4232 nulli,
1120 4142 1192 4218 nisi
1212 4142 1349 4249 leprosi
1369 4159 1557 4221 eteorum
1579 4142 1736 4232 familie,

320 4275 567 4384 tumulentur.
589 4275 631 4350 ln
648 4273 876 4351 monasterio
899 4299 1052 4379 quoque
1073 4272 1188 4349 sancti
1209 4272 1360 4359 Silvini,
1379 4275 1479 4379 apud
1499 4274 1736 4365 Alchiacum‚

320 4403 433 4480 abbas
452 4421 582 4493 vester,
604 4405 670 4508 qui
691 4431 759 4509 pro
782 4419 952 4509 tempore
976 4401 1105 4493 luerit,
1125 4418 1303 4509 tanquam
1330 4402 1369 4477 in
1392 4404 1540 4508 speciali
1565 4403 1660 4496 filia,
1683 4432 1740 4482 se·

319 4533 497 4619 cundum*
507 4533 576 4609 Dei
599 4533 794 4623 timorem,
817 4549 854 4610 et
879 4531 979 4610 beati
1003 4531 1196 4610 Benedicti
1218 4532 1405 4640 regulam,
1428 4534 1638 4641 corrigendi
1662 4563 1737 4641 que

319 4662 536 4770 corrigenda
554 4678 656 4752 sunt,
685 4684 770 4736 cnm
789 4662 1052 4771 religiosorum
1072 4661 1238 4738 virorum
1256 4663 1431 4754 consilio,
1453 4665 1622 4770 plenam,
1642 4665 1737 4743 sicut

318 4797 517 4884 hactenus,
545 4790 681 4868 habeat
706 4809 939 4896 potestatem.
967 4792 1172 4871 Statuimus
1203 4794 1320 4870 eciam
1347 4813 1406 4886 ut,
1436 4794 1530 4873 insra
1556 4797 1738 4873 terminos
1796 4788 1820 4800 *¹
