4478 5842
446 485 566 558 PARS
598 486 801 571 TERTIA.
820 483 1320 557 -CONTINUATORES
1353 485 1576 559 SIMONIS.
1645 488 1718 560 525

986 762 1018 836 ν

635 963 672 1001 nn
694 928 810 1002 canceri
835 958 929 1002 nurus
949 959 1204 1002 courmomrross
1226 959 1382 1003 rourum.

356 1140 450 1229 Sed,
468 1141 558 1246 quia
578 1156 793 1216 sanctorum
814 1138 971 1215 summis
991 1155 1046 1216 est
1065 1157 1242 1246 negatum
1264 1157 1360 1215 stare
1386 1139 1470 1229 diu,
1491 1142 1617 1245 paucis
1636 1162 1722 1249 post
1846 1241 1848 1244 ι

299 1270 370 1346 bec
390 1268 548 1347 evolutis
569 1260 691 1362 annis,
709 1268 805 1378 ignis
823 1297 952 1360 vorax,
975 1269 1023 1346 de
1043 1297 1155 1374 parvo
1175 1269 1328 1374 tugurio
1350 1300 1394 1346 ex
1416 1288 1520 1374 parte
1548 1272 1723 1349 occiden-

299 1397 365 1475 tali
388 1401 504 1477 sancti
532 1398 737 1476 Audomari
766 1396 852 1475 ville
879 1427 1148 1505 prorumpens,
1178 1398 1420 1477 medietatem
1446 1399 1524 1477 fere
1551 1403 1657 1478 castri
1687 1424 1724 1480 et

299 1546 423 1633 totum
443 1529 716 1608 monasterium
737 1545 926 1620 nostrum,
951 1558 1037 1606 cum
1061 1528 1238 1605 omnibus
1257 1557 1354 1634 pene
1372 1527 1552 1621 officinis,
1570 1532 1724 1638 misera-

300 1659 428 1761 biliter
450 1660 687 1760 incineravit,
707 1659 976 1737 incarnationis
997 1659 1186 1736 dominice
1209 1687 1308 1736 anno
1329 1660 1643 1769 quinquagesimo
1668 1642 1725 1740 se-

300 1789 427 1869 cundo
450 1822 458 1866 :
481 1790 585 1897 quod
606 1819 651 1867 eo
671 1789 790 1898 magis
803 1791 1045 1866 tremendum
1066 1788 1158 1884 luit,
1180 1790 1268 1896 quia
1284 1790 1323 1865 in
1344 1807 1454 1886 nocte
1482 1791 1727 1897 depositionis

302 1921 373 2030 agii
402 1920 517 2027 patris
538 1919 681 2031 Bertini
703 1920 877 2028 contigit,
899 1936 1043 1996 etcum
1069 1920 1229 1996 sciamus
1248 1920 1353 2025 quod
1371 1920 1511 2026 juditia
1529 1922 1601 1999 Dei
1629 1952 1727 2000 sem·
1758 1994 1768 2003 .

300 2080 367 2158 per
379 2053 482 2158 justa
507 2051 599 2142 sint,
623 2049 711 2126 licet
730 2049 958 2127 multociens
979 2049 1146 2140 occulta,
1170 2050 1241 2125 bec
1264 2051 1582 2155 peccatisnostris
1603 2054 1726 2158 impu-

300 2199 446 2273 temus;
471 2198 757 2259 commonentes
773 2198 849 2258 tam
876 2199 1024 2285 nostros
1045 2180 1233 2288 professos
1261 2171 1375 2287 quam
1404 2180 1645 2258 advenientes
1666 2213 1726 2259 ex-

301 2329 451 2390 traneos
475 2311 701 2420 monachos,
728 2328 772 2388 ut
793 2311 956 2418 qualiter
986 2311 1090 2389 lestis
1115 2327 1330 2388 sanctorum
1357 2312 1536 2389 interesse
1565 2314 1727 2391 debeant

302 2444 557 2550 considerent,
579 2444 751 2549 scientes,
762 2471 801 2518 se
825 2443 872 2518 ad
896 2471 1065 2519 mensam
1086 2442 1211 2518 divitis
1235 2442 1445 2532 accessisse,
1469 2460 1507 2518 et
1534 2444 1659 2549 qualia
1680 2448 1725 2521 de
1856 2440 1864 2453 ’

301 2576 720 2653 memoriasanctorum
743 2574 975 2680 percipiunt,
995 2573 1083 2650 talia
1104 2572 1151 2650 de
1174 2601 1213 2651 se
1228 2574 1310 2650 Deo
1330 2573 1541 2680 sanctisque
1562 2576 1642 2682 ejus
1661 2576 1728 2653 de-

300 2705 391 2808 bere
405 2706 560 2809 ‘fercula
588 2733 809 2814 preparare3
835 2723 873 2784 et
897 2733 976 2781 non
1003 2704 1045 2780 in
1069 2704 1445 2782 commessationibus
1469 2722 1509 2801 et
1538 2705 1727 2783 ebrietati-

301 2836 394 2927 bus,
414 2838 453 2913 in
474 2837 721 2916 dissolutione
743 2854 781 2913 et
806 2835 1014 2944 voluptate,
1038 2838 1168 2915 sedin
1194 2833 1346 2943 psalmis
1369 2853 1408 2912 et
1422 2836 1665 2930 lectionibus,
1689 2842 1727 2916 in

301 2971 498 3047 honestate
513 2997 666 3046 morum
686 2985 724 3044 et
738 2966 924 3074 spirituali
945 2966 1200 3059 edificatione,
1223 2966 1326 3043 diem
1344 2958 1595 3073 sollempnem
1618 2999 1730 3075 opor-

301 3117 381 3205 tere
403 3100 607 3178 celebrare.
635 3101 684 3175 Ut
714 3099 816 3181 enim
842 3099 1108 3179 ostenderetur
1134 3115 1315 3204 utrosque
1339 3099 1381 3173 in
1406 3097 1545 3175 talibus
1571 3103 1730 3207 graviter

304 3229 524 3337 deliquisse,
547 3230 783 3337 congregatis
805 3229 1010 3308 duodecim
1038 3246 1103 3307 aut
1127 3226 1289 3335 amplius
1312 3228 1511 3306 abbatibus
1533 3249 1569 3308 et
1595 3262 1729 3343 magna

301 3390 549 3441 monacorum
568 3356 840 3457 multitudine,
852 3360 983 3440 media,
997 3378 1107 3438 nocte
1125 3359 1331 3437 festivitatis
1348 3360 1466 3464 ipsius
1485 3364 1618 3449 sancti,
1637 3365 1728 3439 dum

285 3471 349 3567 'ad
379 3493 521 3599 vigilias
549 3509 645 3570 stare
673 3491 877 3582 deberent,
910 3492 1020 3567 irruit
1049 3518 1162 3596 super
1188 3518 1253 3566 eos
1286 3507 1441 3594 repente
1470 3492 1567 3598 ignis
1600 3493 1640 3570 in
1670 3495 1727 3570 l'u·

301 3652 387 3724 rore
412 3625 587 3714 Domini,
612 3651 709 3728 quos
738 3622 881 3698 invenit
906 3620 1067 3726 amplius
1097 3619 1203 3726 copia
1230 3619 1306 3696 vini
1337 3636 1375 3695 ot
1401 3618 1573 3697 ciborum
1599 3652 1730 3728 super-

302 3755 447 3833 fluitate
469 3754 651 3859 repletos,
677 3780 790 3858 quam
812 3753 930 3859 gratia
955 3749 1119 3857 Spiritus
1142 3750 1268 3828 Sancti
1293 3751 1510 3850 etcaritatis
1530 3751 1729 3832 latitudine

302 3885 510 3963 roboratos.
538 3883 814 3988 Disperguntur
839 3881 963 3979 statim
991 3880 1130 3989 singuli
1159 3899 1337 3987 tanquam
1364 3910 1450 3959 oves
1477 3883 1568 3988 lupo
1599 3915 1729 3990 super·
1757 3879 1760 3883 ’

302 4015 498 4103 veniente,
527 4030 565 4089 et
591 4029 686 4120 quot
707 4012 843 4118 capita,
869 4028 927 4089 tot
951 4010 1004 4088 ibi
1029 4010 1134 4089 fuere
1160 4013 1403 4090 diverticula:
1426 4029 1464 4090 et
1480 4012 1544 4091 ille
1569 4016 1725 4121 quidem

304 4174 449 4252 capam,
480 4144 544 4222 ille
574 4142 764 4234 tunicam,
793 4124 889 4220 alius
918 4140 1070 4219 frenum
1094 4140 1151 4218 vel
1176 4129 1307 4220 sellam
1341 4143 1485 4234 amisit,
1509 4162 1662 4251 eratque
1688 4149 1727 4223 iu

303 4294 405 4354 tanta
432 4273 680 4353 multitudine
711 4301 849 4379 paucos
870 4272 1048 4363 inveniri,
1077 4273 1142 4380 qui
1173 4273 1219 4350 de
1249 4272 1392 4379 integra
1419 4302 1547 4350 rerum
1577 4306 1727 4356 suarum

304 4405 582 4485 conservatione
608 4403 754 4510 possint
766 4401 933 4511 gloriari.
951 4403 1192 4481 Convertitur
1206 4404 1333 4510 itaque
1353 4403 1435 4482 dies
1458 4404 1573 4483 festus
1598 4408 1637 4482 in
1656 4438 1730 4484 me-

304 4567 429 4615 rorem
446 4535 709 4625 et'tristitiam3
731 4535 931 4642 cunctique
951 4534 1158 4641 prudentes
1178 4551 1352 4641 poterant
1374 4535 1568 4612 evidenter
1588 4538 1729 4615 intelli-

303 4698 390 4779 gere
410 4696 523 4774 quam
546 4667 595 4743 sit
613 4665 849 4787 borrendum
868 4666 1072 4743 iri'manus
1085 4665 1155 4744 Dei
1175 4665 1332 4753 viventis
1350 4667 1530 4745 incidere.
1553 4668 1652 4744 Cum
1669 4653 1745 4743 ita-¹

304 4831 396 4907 qne,
413 4828 481 4906 pro
496 4796 593 4876 tristi
610 4780 763 4888 eventu,
786 4825 917 4875 omnes
934 4797 1046 4875 dolor
1060 4782 1098 4874 et
1111 4782 1474 4904 stupor‘invasisset‚
1501 4797 1616 4874 abbas
1632 4800 1725 4890 Leo,
