4478 5842
232 434 238 447 '
319 471 388 542 128
662 473 1076 548 cnanrumnrun
1102 476 1386 552 strumvse

312 610 485 704 Pontivo,
502 640 616 719 super
634 613 792 690 fluvium
814 614 961 708 Alteiae,
983 616 1123 694 invilla
1142 647 1224 723 quae
1246 618 1383 695 dicitur
1398 617 1568 695 Remmia
1586 650 1595 696 :
1615 619 1734 696 eccle-

310 741 402 816 siam
420 773 550 836 unam,
570 762 607 821 et
620 773 792 821 mansum
808 745 1120 824 indominicatum
1137 776 1223 824 cum
1241 748 1407 839 castitiis,
1424 766 1476 840 et,
1493 749 1592 824 inter
1606 749 1730 853 ipsum

309 881 482 951 mansum
509 904 550 951 ac
571 891 708 952 terram
734 874 914 952 arabilem
941 877 999 952 vel
1024 894 1173 983 pratum
1201 877 1275 954 sive
1298 878 1448 970 silvam,
1477 906 1607 956 mansa
1633 905 1728 970 vnn,

309 1002 490 1110 itemque,
507 1006 546 1082 in
557 1005 714 1083 Catbriu
724 1069 732 1096 ,
744 1006 783 1079 in
795 1004 930 1080 eodem
944 1034 1052 1113 pago,
1063 1036 1150 1083 cum
1162 1031 1293 1083 manso
1305 1007 1588 1097 indominicato,
1603 1036 1731 1086 mansa

309 1160 376 1221 vu;
394 1134 576 1240 itemque,
594 1135 743 1242 inpage
759 1133 1019 1225 Ambianensi,
1034 1136 1073 1211 in
1087 1136 1182 1212 Sana
1198 1138 1332 1228 Terra,
1345 1136 1383 1212 in
1400 1137 1483 1213 loco
1497 1139 1563 1244 qui
1578 1155 1730 1216 vocatur

308 1264 506 1357 Rosierias,
520 1294 693 1341 mansum
710 1293 796 1342 cum
810 1265 977 1357 castitiis,
994 1295 1068 1342 una
1084 1294 1172 1342 cum
1187 1267 1355 1372 ipsorum
1372 1267 1544 1344 locorum
1561 1295 1732 1367 commu-

308 1395 397 1483 niis,
422 1397 557 1500 perviis
572 1396 765 1503 legitimis,
788 1397 1039 1501 wadriscapis3
1057 1414 1095 1472 et
1110 1397 1294 1502 mancipia
1316 1425 1380 1488 xx,
1404 1397 1464 1474 his
1485 1397 1728 1474 nominibus:

308 1524 558 1615 Anastasium,
576 1553 661 1599 cum
684 1552 799 1600 uxore
824 1553 888 1599 sua
911 1540 949 1598 et
965 1523 1171 1600 infantibus
1185 1524 1340 1601 illorum
1358 1553 1412 1614 v13
1437 1525 1624 1604 Adalrada
1644 1556 1730 1604 cum

306 1653 513 1729 infantibus
535 1652 701 1743 duobus;
719 1651 970 1738 Gerlandum,
999 1652 1236 1743 Haldollum,
1261 1653 1589 1748 Folcombertum,
1612 1658 1731 1733 Theo
1816 1707 1818 1711 >

309 1784 486 1874 dradum,
510 1782 767 1872 liodbertum,
793 1782 1033 1873 Restaldum,
1057 1781 1287 1872 Civiredam,
1314 1784 1545 1877 Rainildam,
1572 1786 1730 1863 Anstru-

307 1914 405 1988 dam.
420 1914 467 1989 Et
477 1914 554 1991 haec
566 1913 709 2002 omnia,
724 1929 766 1988 ut
782 1940 894 2018 supra
910 1911 1053 1988 dictum
1068 1929 1139 2000 est,
1153 1913 1200 1988 ad
1212 1913 1482 1989 monasterium
1491 1915 1570 2020 jam
1587 1915 1730 1993 dictum

305 2041 412 2120 trado
429 2043 599 2150 legaliter
617 2061 728 2149 atque
747 2042 964 2118 transfirmo
980 2060 1163 2148 perpetuo
1179 2043 1424 2147 possidenda,
1446 2071 1489 2120 ea
1505 2045 1651 2122 ratione
1668 2064 1727 2138 ut,

305 2191 379 2248 tam
397 2173 494 2277 ipsas
509 2202 568 2249 res
583 2202 675 2279 quas
694 2173 820 2271 trado,
842 2202 955 2278 quam
977 2190 1015 2249 et
1034 2173 1132 2278 ipsas
1152 2201 1244 2279 quas
1265 2191 1397 2280 expeto
1418 2173 1580 2252 ecclesiae
1600 2174 1729 2285 vestrae
1827 2255 1828 2259 ,

305 2307 344 2379 in
360 2305 582 2410 precariam,
599 2333 668 2410 pro
684 2303 870 2380 beneficio
891 2320 1012 2381 vestro
1027 2304 1225 2409 accipiam,
1242 2332 1311 2411 ego
1325 2304 1501 2382 videlicet
1515 2322 1553 2382 et
1567 2307 1729 2413 conjunx

306 2466 388 2512 mea
411 2437 500 2526 Ava,
524 2435 668 2542 filiique
689 2435 806 2511 nostri
829 2451 866 2511 et
880 2434 985 2525 filiae,
1008 2436 1080 2511 hoc
1099 2450 1187 2511 sunt
1202 2427 1215 2511 :⁴
1233 2434 1272 2510 in
1293 2463 1388 2543 pago
1408 2433 1668 2528 Ambianensi,
1690 2438 1729 2514 in

306 2571 402 2645 Sana
410 2571 525 2645 Terra
534 2633 543 2660 ,
553 2598 635 2674 quae
644 2567 781 2643 dicitur
788 2566 936 2642 Rustica
945 2565 1047 2658 villa,
1061 2583 1099 2642 et
1111 2565 1292 2655 Roserias,
1306 2593 1478 2643 mansum
1489 2566 1730 2645 indominica·

304 2720 405 2792 tum,
425 2719 476 2791 et,
495 2700 593 2776 inter
607 2699 730 2803 ipsum
752 2726 923 2773 mansum
941 2715 978 2773 et
991 2715 1130 2774 terram
1145 2695 1324 2773 arabilem
1343 2695 1402 2772 vel
1419 2715 1584 2803 pratum,
1604 2726 1730 2776 mansa

305 2860 369 2921 x113
384 2832 423 2906 in
437 2830 587 2918 Centla,
603 2806 777 2903 mansum
793 2857 821 2916 ις
838 2829 877 2902 in
901 2825 1198 2917 Hunduncurth,
1217 2855 1389 2903 mansum
1417 2827 1730 2904 indominicatum

306 2978 480 3037 otmense
493 2986 533 3045 x,
545 2958 653 3046 item,
666 2956 705 3031 in
716 2983 811 3060 pago
824 2956 1104 3047 Kamaracensi,
1123 2956 1162 3031 in
1176 2956 1293 3044 Finis,
1311 2984 1439 3032 mansa
1455 2984 1526 3048 11113
1543 2973 1581 3033 et
1592 2958 1733 3035 manci-

305 3089 365 3192 pia
378 3088 478 3164 heo:
493 3085 661 3175 Odober,
676 3082 902 3161 Folcardum
915 3101 952 3160 et
962 3113 1118 3162 uxorem
1129 3114 1235 3161 suam
1252 3083 1462 3178 Odernam,
1478 3115 1563 3164 cum
1582 3087 1733 3164 infanti·

304 3218 377 3293 bus
388 3215 481 3304 suis;
493 3213 738 3304 Gerbertum,
750 3211 1026 3304 Abbonellum,
1038 3212 1288 3304 Rudoricum,
1301 3213 1492 3319 Sigerum,
1507 3214 1729 3304 Rilrardum,

305 3346 542 3438 Bakalerum,
558 3375 646 3429 cum
655 3343 777 3423 tribus
787 3343 955 3450 reliquis.
969 3344 1041 3421 Pro
1054 3343 1136 3450 ipso
1151 3370 1304 3449 quoque
1317 3341 1609 3435 usufructuario,
1625 3345 1732 3421 annis

305 3477 476 3587 singulis,
493 3476 603 3554 nonis
618 3472 858 3581 septembris,
872 3501 943 3580 ego
960 3491 998 3550 et
1013 3473 1149 3581 conjux
1165 3499 1249 3550 mea
1266 3471 1408 3550 solidos
1422 3471 1677 3578 persolvamus
1695 3500 1730 3562 νς

304 3626 389 3714 post
404 3627 575 3686 nostrum
589 3605 860 3700 veroobitum,
878 3604 948 3680 filii
964 3605 1084 3681 nostri
1103 3601 1245 3680 solidos
1264 3629 1301 3682 vt
1315 3602 1539 3708 persolvant.
1557 3602 1634 3680 Sed
1649 3620 1735 3709 post

304 3757 476 3816 nostrum
494 3737 665 3815 omnium
686 3735 851 3825 obitum,
870 3735 989 3811 ambae
1005 3763 1065 3812 res
1084 3733 1259 3839 superius
1279 3733 1500 3825 nominatae,
1523 3732 1733 3810 cumomni

305 3869 566 3947 melioratione
591 3882 628 3943 et
647 3863 969 3971 superpositione,
987 3864 1035 3942 ad
1051 3891 1148 3971 opus
1162 3861 1320 3940 fratrum
1336 3862 1375 3937 in
1397 3862 1532 3940 eodem
1553 3879 1736 3940 monaste·

305 4001 361 4076 rio
381 3998 548 4078 Domino
567 3994 853 4086 famulantium,
879 3994 1020 4100 absque
1043 3991 1160 4071 ullius
1185 3992 1463 4084 contrarietate,
1490 3992 1732 4098 recipiantur,

304 4132 445 4238 quibus
457 4147 496 4208 et
510 4136 644 4207 census
658 4124 874 4237 persolvit¹.
891 4110 937 4201 'Si
955 4124 1022 4231 qui
1041 4121 1175 4214 etiam,
1198 4121 1303 4229 quod
1324 4120 1461 4198 bituris
1481 4137 1676 4210 testamur,
1703 4121 1735 4199 si

305 4289 374 4338 nos
387 4262 457 4369 ipsi
471 4279 535 4338 aut
546 4260 651 4337 illius
659 4263 679 4304 ²
691 4259 738 4335 de
754 4252 961 4335 heredibus
973 4253 1033 4331 vel
1051 4252 1331 4360 proheredibus
1350 4252 1502 4343 nostris,
1531 4279 1599 4329 seu
1614 4249 1736 4359 queli-

305 4391 373 4466 bet
387 4402 558 4467 extranea
572 4412 750 4494 persona,
766 4386 856 4465 huic
876 4400 1013 4463 nostrae
1032 4381 1230 4460 traditioni
1252 4380 1436 4458 contraire
1451 4395 1516 4455 aut
1530 4379 1734 4486 infringere

305 4519 558 4625 temptaverit,
574 4517 654 4594 auri
675 4515 789 4595 libras
806 4543 876 4609 xn,
897 4511 1042 4622 argenti
1052 4511 1222 4619 pondera
1236 4537 1322 4602 xxx,
1340 4526 1488 4588 coactus
1514 4507 1674 4601 exolvat,
1696 4525 1734 4585 et

351 4722 358 4751 ¹
383 4697 769 4800 Fortslegendpersoloetur.
796 4710 799 4715 ’
826 4688 830 4737 ³

350 4825 359 4855 ¹
381 4824 491 4909 Corrig.
512 4821 594 4883 ollas.
