4478 5842
309 518 383 589 290
670 512 1077 587 CHARTULARIUM
1106 510 1383 585 stratensis.

309 673 420 731 ceret.
449 657 537 749 Quo
556 673 727 760 tempore
749 682 922 731 cerneres
947 652 1074 730 omnia
1094 653 1255 740 turbari,
1278 669 1315 729 et
1334 653 1371 727 iu
1392 653 1590 759 antiquum
1613 655 1724 731 cbaos

308 787 455 863 turbata
479 786 575 881 velle
606 786 772 863 reverti:
806 786 1081 890 dispensatores
1114 784 1363 871 exteriorum,
1391 810 1555 889 quorum
1591 810 1723 863 manus

309 937 463 994 eatenus
492 915 907 1023 superhabundaverat,
940 914 1080 991 causari
1114 910 1160 991 de
1193 914 1351 1019 pecunia
1386 912 1508 991 danda
1540 916 1720 1007 delicere,

308 1046 383 1154 qrie
405 1047 647 1154 exigebantur
662 1048 738 1153 jam
758 1046 976 1151 persolvisse
997 1045 1053 1123 vel
1074 1073 1112 1120 se
1134 1071 1210 1121 non
1229 1044 1389 1130 habero,
1408 1046 1510 1121 intus
1527 1046 1722 1150 discipline

308 1161 523 1268 dissolutio,
546 1179 593 1254 de
610 1178 874 1255 substituendo
895 1176 1030 1252 abbate
1045 1175 1251 1264 musitatio,
1271 1176 1317 1250 ud
1334 1175 1499 1251 abbatie¹
1516 1175 1721 1252 multorum

308 1307 477 1383 inhiabat
492 1308 670 1395 ambiti03
693 1309 886 1415 magisque
908 1309 946 1381 iu
967 1309 1039 1383 hoc
1057 1305 1294 1395 turbabatur,
1316 1306 1404 1410 quia
1422 1305 1574 1410 quidam
1595 1300 1725 1384 iratres

309 1436 439 1523 nostri,
454 1439 518 1543 qui
533 1438 703 1516 Cluniaci
723 1437 993 1540 professionem
1009 1435 1185 1524 lecerunt,
1204 1460 1290 1511 cum
1306 1437 1432 1539 priore
1447 1438 1586 1542 majore
1604 1437 1640 1512 in
1658 1440 1724 1515 hac

307 1568 461 1644 ecclesia
475 1585 566 1643 tunc
582 1565 880 1644 dominabantur.

362 1700 401 1772 ln
426 1723 559 1802 magna
580 1697 694 1803 igitur
708 1695 951 1772 fluctuatione
971 1696 1098 1802 positi,
1120 1696 1168 1770 ad
1189 1695 1453 1771 removendam
1475 1699 1724 1800 suspitionem

308 1829 354 1903 de
370 1826 683 1903 Cluniacensibus
699 1827 793 1902 etad
810 1826 990 1932 majorem
1007 1825 1163 1900 lratrum
1180 1824 1433 1913 securitatem,
1451 1827 1609 1902 consilio
1621 1856 1725 1903 eom-

307 1958 413 2032 muni
433 1957 546 2047 inito,
574 1941 783 2033 decernunt
804 1980 890 2032 cum
915 1955 1108 2061 episcope,
1133 1954 1309 2030 vicarium
1335 1955 1479 2031 abbatis
1498 1956 1721 2062 Symonem,

308 2103 431 2190 postea
456 2087 647 2177 abbatem,
667 2088 714 2163 ad
740 2112 820 2162 rem
845 2086 1034 2192 publicam
1060 2085 1346 2194 gubernandam
1367 2082 1506 2160 debere
1534 2086 1722 2163 substitui.

306 2218 392 2310 Quo
412 2217 526 2307 facto,
552 2218 708 2323 quidam
732 2217 1041 2294 Cluniacensium
1065 2217 1262 2293 nobiscum
1287 2218 1601 2293 commorantium
1626 2219 1725 2293 indi-

304 2354 404 2456 gnati
425 2353 646 2443 discessere,
670 2369 724 2443 et,
745 2351 802 2426 vel
830 2350 918 2427 odio
940 2349 1207 2436 invidentium,
1231 2347 1290 2423 rel
1306 2347 1512 2424 ambitione
1531 2349 1578 2424 ad
1604 2350 1724 2425 bono-

304 2512 382 2558 rem
399 2484 547 2561 abbatie
564 2482 826 2590 aspirandum,
842 2508 962 2590 egere,
977 2499 1020 2556 ut
1033 2480 1189 2555 vicarius
1204 2478 1429 2556 substitutus
1444 2480 1607 2556 necdum
1622 2506 1720 2555 anno

304 2612 413 2690 finito
448 2615 714 2721 deponeretur.
749 2614 934 2691 Crederes
963 2613 1104 2689 deinde
1138 2627 1235 2687 tanta
1265 2610 1510 2686 inconstantia
1540 2611 1719 2686 fluctuare

306 2733 526 2829 monachos,
553 2763 596 2821 ut
619 2745 743 2820 milies
769 2743 807 2818 in
833 2743 894 2817 die
920 2743 1092 2819 crederes
1119 2758 1262 2817 mutare
1291 2740 1446 2816 animos.
1475 2741 1550 2817 Sua
1580 2742 1720 2846 quippe

304 2892 521 2977 querentes,
545 2876 637 2949 dum
659 2874 812 2949 lubricis
828 2890 984 2948 currunt
1005 2873 1209 2981 gressibus,
1228 2871 1320 2977 quid
1343 2872 1479 2947 mirum
1496 2872 1526 2947 si
1544 2873 1624 2949 sine
1638 2872 1720 2946 luce

304 3001 524 3077 offendunt?

954 3197 1074 3274 XCV.

559 3403 594 3441 ot
618 3400 775 3441 fflc'l'lOllll
795 3401 830 3441 ET
852 3399 1080 3443 CONSECRATION!
1101 3400 1245 3443 IOHANNIS
1266 3399 1304 3447 11,
1327 3400 1454 3442 lunaris.

359 3580 453 3668 Sed,
470 3580 558 3689 quia
572 3579 725 3656 tandem
739 3596 932 3685 utcunque
952 3579 1188 3656 terminanda
1205 3596 1283 3653 erat
1300 3580 1519 3686 hujusmodi
1536 3580 1715 3657 dissentio

303 3729 340 3789 et
359 3711 544 3818 permulta
567 3711 788 3799 variantium
809 3709 1049 3799 instabilitas,
1078 3709 1295 3788 coadunatis
1317 3712 1570 3819 undecunque
1594 3712 1716 3789 lratri-

300 3843 386 3931 bus,
410 3859 449 3917 ct
471 3842 608 3918 comite
630 3870 715 3916 cum
735 3840 887 3945 presule
914 3840 1109 3931 accersito,
1139 3839 1186 3915 ab
1218 3840 1298 3947 ipso
1329 3858 1494 3946 accepta,
1524 3843 1716 3948 quendam

299 3974 528 4058 tonsorem,
543 3999 703 4077 persona
719 3967 999 4059 honorabilem,
1015 3962 1142 4077 lingua
1152 3956 1372 4047 theutonica
1383 3970 1582 4060 disertum,
1596 4003 1717 4078 nuper

302 4104 349 4178 de
366 4102 545 4179 canonico
561 4100 723 4207 regulari
739 4100 968 4177 monachum
984 4098 1178 4185 ellectum,
1195 4128 1332 4204 magno
1346 4099 1518 4178 clamoris
1532 4103 1712 4208 strepitu,

303 4232 554 4308 communiter
575 4230 733 4337 eligunt,
754 4228 888 4306 abbate
903 4228 1103 4307 Lanrberto
1123 4229 1247 4305 adhuc
1261 4229 1403 4305 vivente
1425 4247 1462 4306 et
1476 4230 1714 4309 reclamante.

303 4361 380 4452 Qui
407 4362 445 4435 in
465 4359 589 4464 vigilia
615 4360 880 4464 assumptionis
905 4374 1028 4436 sancte
1052 4356 1185 4451 Marie,
1209 4386 1307 4436 anno
1336 4359 1524 4437 dominice
1550 4362 1718 4438 incarna-

298 4482 416 4565 tionis
435 4493 610 4567 ucxu11u¹⁰
631 4507 883 4601 consecratus,
899 4489 957 4565 vix
975 4490 1172 4597 septennio
1190 4488 1418 4567 abbatisavit.

342 4656 349 4687 ¹
372 4656 542 4741 SiuSuppl.
554 4659 685 4721 denotant.
