4388 5850
341 485 388 554 78
692 481 1099 556 CHARTULARIUM
1131 484 1420 586 SlTHlENSFa

339 625 513 702 coenobio
529 624 674 716 Sithiu,
691 625 795 731 quod
810 644 867 703 est
880 626 995 704 situm
1011 625 1050 701 in
1064 654 1159 733 pago
1174 628 1432 720 Tarnanense,
1450 647 1705 708 constructum
1720 634 1760 708 in

339 757 484 832 honore
504 772 636 831 sanctae
648 753 719 831 Dei
740 753 932 861 genitricis
948 782 1172 862 semperque
1190 757 1347 865 virginis
1362 757 1488 836 Mariae
1508 778 1547 838 et
1563 761 1761 838 beatorum

340 885 597 989 apostolorum
615 884 716 960 Petri
739 900 776 959 et
799 883 924 971 Pauli,
950 885 989 960 in
1013 914 1089 991 quo
1112 914 1268 992 corpora
1286 887 1484 967 beatorum
1507 890 1761 969 confessorum

339 1014 479 1092 Christi
493 1014 697 1091 Andomari
714 1030 751 1089 et
766 1013 910 1089 Bertini
930 1014 1186 1121 requiescunt,
1203 1016 1269 1093 ubi
1286 1019 1398 1095 etiam
1412 994 1574 1127 presenti
1590 1039 1760 1128 tempore

337 1146 393 1219 vir
411 1142 632 1221 venerabilis
652 1136 883 1251 Fridogisus,
900 1146 1042 1241 auctori
1056 1145 1156 1236 Deo,
1179 1145 1275 1224 abba
1297 1166 1440 1254 preest,
1458 1151 1677 1257 optulerunt
1693 1152 1762 1227 ob-

338 1273 481 1350 tutibus
500 1274 637 1350 nostris
660 1273 921 1349 auctoritatem
942 1275 1190 1353 immunitatis
1210 1273 1343 1354 domni
1361 1296 1398 1355 et
1412 1279 1593 1387 genitoris
1613 1279 1759 1370 Karoli‚

339 1403 659 1495 bonaememoriae,
668 1402 895 1480 serenissimi
906 1404 1153 1509 imperatoris,
1164 1407 1203 1482 in
1212 1434 1285 1511 qua
1294 1409 1760 1502 continebaturinsertum,

340 1537 444 1640 quod
461 1564 537 1612 non
549 1532 674 1612 solum
689 1526 784 1639 ipse,
800 1560 931 1609 verum
948 1532 1060 1609 etiam
1078 1552 1115 1610 et
1129 1552 1380 1614 antecessores
1396 1539 1476 1644 ejus
1498 1540 1643 1644 priores
1657 1567 1762 1648 reges

341 1665 515 1742 videlicet
526 1665 774 1753 Francorum,
789 1662 1000 1769 predictum
1019 1663 1307 1754 monasterium,
1324 1664 1373 1740 ob
1391 1694 1559 1764 amorem
1574 1668 1645 1744 Dei
1663 1685 1764 1744 tran-

342 1795 646 1900 quillitatemque
658 1792 816 1870 fratrum
829 1791 973 1869 ibidem
989 1792 1287 1880 consistentium,
1303 1821 1451 1900 semper
1459 1788 1533 1871 'snb
1548 1796 1764 1901 plenissima

343 1926 561 2001 defensione
592 1941 629 1999 et
654 1921 902 1998 immunitatis
927 1921 1087 1998 tuitione
1115 1920 1344 2000 habuissent.
1367 1923 1462 2016 Sed,
1483 1955 1552 2031 pro
1577 1926 1765 2004 firmitatis

344 2057 480 2145 studio,
491 2053 783 2160 postulaverunt,
794 2069 837 2128 ut
849 2079 926 2128 non
938 2051 1062 2129 solum
1070 2069 1280 2158 paternum,
1291 2082 1357 2132 seu
1366 2054 1673 2160 predecessorum
1683 2085 1765 2133 nos-

344 2206 489 2265 trorum
500 2214 633 2295 regum
644 2213 790 2261 morem
805 2201 1016 2290 sequentes,
1029 2184 1291 2292 hujuscemodi
1301 2204 1436 2264 nostrae
1445 2187 1673 2264 auctoritatis
1683 2217 1764 2292 pre·

343 2335 493 2422 ceptum
515 2345 601 2423 erga
620 2317 745 2421 ipsum
770 2314 1040 2391 monasterium
1057 2315 1304 2392 immunitatis
1324 2333 1435 2423 atque
1450 2317 1623 2394 tuitionis
1649 2320 1763 2426 gratia
1838 2345 1841 2351 ·

344 2449 425 2525 sieri
433 2447 624 2552 jussimus,
636 2443 705 2525 sed
715 2460 754 2519 et
769 2471 852 2520 eam
861 2472 1185 2550 percenseremus,
1197 2462 1240 2522 ut
1251 2472 1384 2523 omnes
1395 2446 1507 2524 cellas
1521 2463 1558 2523 et
1569 2447 1682 2539 villas,
1698 2476 1765 2525 seu

345 2598 494 2656 caeteras
511 2576 768 2684 possessiones
781 2575 940 2682 predicti
956 2577 1173 2656 monasterii
1188 2592 1322 2654 sanctae
1335 2577 1459 2655 Mariae
1480 2595 1517 2654 et
1532 2579 1646 2655 sancti
1665 2579 1764 2655 Petri

346 2728 384 2786 et
403 2709 507 2786 Pauli
532 2726 643 2814 atque
663 2706 863 2783 beatorum
888 2706 1094 2783 Andomari
1120 2725 1158 2784 et
1180 2707 1339 2800 Bertini,
1366 2708 1515 2814 quasin
1536 2706 1766 2813 quibuslibet

346 2841 447 2945 pagis
478 2857 516 2914 et
542 2837 741 2913 territoriis
769 2836 865 2913 inira
895 2836 1079 2913 ditionem
1104 2838 1253 2944 imperii
1282 2839 1401 2914 nostri
1426 2853 1612 2928 constant,
1641 2837 1767 2914 nullus

346 2967 629 3044 succedentium
654 2985 870 3044 nostrorum
892 2965 1059 3044 dividere
1080 2983 1143 3044 aut
1167 2967 1207 3043 in
1224 2967 1316 3044 alios
1335 2996 1425 3044 usus
1445 2986 1659 3045 convertere
1684 2995 1768 3074 pre·
1847 3042 1863 3064 ,

348 3114 530 3188 sumeret,
556 3115 593 3173 et
612 3114 655 3175 ut
675 3095 815 3173 familia
833 3098 1003 3203 ejusdem
1026 3099 1245 3175 monasterii
1263 3097 1378 3173 nullis
1396 3098 1629 3203 quibuslibet
1642 3098 1768 3175 homi·

349 3229 460 3304 nibus
482 3227 656 3304 foderum
680 3227 795 3304 daret.
815 3229 990 3335 Quorqm
1009 3228 1256 3335 petitionibus
1274 3227 1436 3304 libenter
1454 3228 1709 3333 adquievimus
1730 3246 1768 3303 et

348 3360 398 3435 ita
415 3357 672 3449 concedimus,
689 3375 799 3463 atque
813 3388 880 3462 per
891 3360 994 3434 hunc
1008 3376 1226 3465 preceptum
1242 3357 1282 3433 in
1298 3355 1475 3433 omnibus
1490 3355 1764 3432 confirmamus.

347 3492 393 3567 Et
413 3491 500 3568 ideo
520 3516 751 3568 successores
771 3506 918 3566 nostros
932 3489 1197 3580 admonemus,
1218 3505 1278 3578 ut,
1295 3487 1391 3563 sicut
1414 3514 1482 3562 nos
1500 3486 1669 3591 predicto
1685 3515 1767 3564 mo-

347 3623 508 3697 nasterio
524 3639 657 3699 sancte
674 3621 797 3697 Mariae
814 3637 851 3696 et
867 3621 984 3695 sancti
999 3620 1100 3697 Petri
1114 3637 1153 3696 et
1167 3617 1271 3696 Pauli
1291 3634 1401 3723 atque
1416 3616 1612 3693 beatorum
1629 3616 1767 3693 Christi

347 3742 603 3828 confessorum
619 3749 825 3826 Audomari
846 3766 884 3824 et
897 3749 1039 3825 Bertini
1059 3747 1325 3837 concessimus,
1346 3747 1397 3823 ita
1419 3743 1477 3821 illi
1496 3761 1618 3821 ratum
1638 3763 1677 3821 et
1695 3763 1768 3822 sta-

348 3882 424 3958 bile
445 3906 664 3987 permanere
680 3879 915 3985 permittant,
932 3896 975 3955 ut
990 3878 1134 3956 nullam
1155 3876 1376 3955 divisionem
1395 3875 1443 3988 in¹
1451 3875 1686 3953 monasteriis
1705 3891 1770 3953 aut

348 4011 451 4088 cellis
486 4010 543 4087 vel
578 4008 674 4087 villis
702 4037 768 4087 seu
804 4010 948 4086 ceteris*
973 4007 1291 4115 possessionibus,
1326 4007 1366 4083 in
1399 4005 1631 4113 quibuslibet
1668 4008 1769 4116 pagis

348 4160 410 4219 aut
429 4142 626 4220 territoriis
647 4142 867 4230 consistant,
889 4139 1024 4217 iaciant
1047 4158 1110 4216 aut
1128 4139 1249 4218 lacere
1269 4138 1506 4245 permittant,
1533 4151 1598 4213 aut
1620 4136 1660 4212 in
1678 4138 1769 4215 alios

349 4299 438 4347 assus
468 4275 565 4376 ipsas
591 4300 653 4349 res
677 4287 940 4377 retorqueant3
968 4269 1035 4345 sed
1062 4270 1192 4346 ethoc
1218 4289 1287 4375 per
1313 4269 1383 4345 bos
1407 4264 1620 4371 imperiales
1648 4267 1770 4370 apices

349 4401 533 4477 sancimus
552 4419 667 4509 atque
686 4402 942 4493 decernimus,
964 4416 1008 4478 ut
1030 4394 1158 4476 nullus
1178 4398 1296 4507 judex
1314 4397 1487 4502 publicus
1511 4415 1575 4475 aut
1593 4394 1770 4504 quislibet

351 4558 393 4606 er
415 4530 610 4636 judiciaria
632 4548 829 4638 potestate,
854 4533 894 4608 in
921 4529 1086 4609 eeclesiis
1109 4545 1174 4606 aut
1195 4528 1288 4605 locis
1309 4525 1367 4603 uel
1393 4528 1487 4635 agris
1516 4557 1582 4605 seu
1615 4526 1772 4634 reliquis

350 4659 647 4766 possessionibus
663 4663 861 4738 memorati
880 4659 1116 4748 monasterii,
1132 4686 1222 4765 quas
1237 4657 1421 4733 moderno
1439 4675 1614 4764 tempore
1628 4659 1669 4734 in
1687 4656 1771 4764 qui-

351 4791 515 4869 buslibet
542 4792 643 4900 pagis
672 4808 710 4867 et
734 4792 934 4869 territoriis
958 4790 1053 4868 inira
1080 4785 1263 4865 ditionem
1292 4788 1439 4895 imperii
1470 4790 1586 4866 nostri
1610 4790 1710 4895 juste
1733 4805 1772 4864 et
