4388 5850
415 519 489 589 570
766 520 1174 598 CRARTULARIUM
1199 526 1479 600 SlTHlENSE

414 661 626 768 assignavit,
650 692 763 768 quarn
783 663 982 741 Elbodone
1001 665 1186 770 Eolpith¹‚
1208 668 1423 744 censuarius
1439 669 1600 774 predicti
1620 672 1833 768 willelmi,

414 807 452 864 et
471 792 527 866 sui
545 821 777 870 successores
790 794 1059 900 perpetualiter
1076 786 1220 871 solvent
1242 827 1251 871 :
1270 795 1321 872 ita
1335 797 1456 903 quod,
1480 800 1511 875 si
1530 816 1704 907 tempore
1726 834 1835 911 pres·

413 923 535 1027 cn'pto
548 926 683 1000 raseria
698 922 764 1002 illa
778 925 990 1003 solutanon
1004 924 1134 1016 fuerit,
1149 927 1359 1004 monachus
1372 931 1583 1035 prepositus
1598 933 1646 1011 de
1665 935 1830 1044 Aequin‚
1928 932 1945 965 “

412 1081 498 1128 cum
526 1053 688 1130 scabinis
715 1085 736 1130 a
765 1056 936 1161 predicto
966 1055 1188 1141 modone,
1215 1056 1278 1155 vel,
1302 1060 1579 1140 successoribus
1605 1065 1705 1152 suis,
1736 1087 1831 1173 pent

411 1184 598 1289 accipere,
619 1200 679 1270 et,
699 1184 823 1263 donec
843 1185 1076 1263 frumentum
1095 1215 1207 1265 sunm
1226 1187 1419 1277 babuerit,
1439 1188 1559 1268 libere
1579 1195 1719 1299 poterit
1737 1199 1829 1275 reti-

411 1339 514 1390 nere.
534 1315 588 1391 Ne
608 1315 723 1424 igitur
738 1315 779 1392 in
795 1334 989 1423 posterum
1008 1315 1057 1393 de
1074 1316 1147 1393 boc
1169 1316 1293 1424 eliqua
1309 1319 1460 1425 questio
1479 1344 1673 1430 emergere
1692 1327 1827 1430 pessit,

410 1446 610 1523 conventio
625 1446 696 1522 bec
713 1447 939 1558 cirographi,
956 1445 1164 1554 particione
1177 1464 1309 1525 nostro
1322 1444 1447 1556 sigillo
1459 1449 1655 1559 insignite,
1672 1471 1711 1530 et
1725 1454 1827 1534 berti

408 1575 553 1653 Bertini
571 1575 697 1684 sigillo
716 1606 881 1684 appenso
894 1576 1150 1668 corroborata,
1168 1597 1388 1685 perpetum
1408 1597 1563 1687 gener-et
1581 1584 1823 1679 memorium,

408 1722 447 1781 et
473 1735 628 1785 omnem
651 1707 905 1816 ambiguitatis
925 1736 994 1786 sen
1019 1707 1209 1786 discordie
1235 1706 1408 1786 eliminet
1432 1709 1689 1789 incidentium.
1720 1715 1826 1794 illinc

406 1835 582 1946 religiose
597 1838 858 1917 conventionis
870 1855 1009 1916 cartam
1023 1839 1194 1946 quisquis
1205 1836 1415 1949 infregerit,
1432 1841 1649 1919 anctoritate
1663 1840 1824 1938 Domini

407 1970 525 2046 nostri
544 1971 632 2046 Jesu
650 1970 814 2055 Christi,
838 1987 877 2047 et
894 1986 1109 2047 sauctorum
1133 1996 1335 2053 unorum,
1362 1987 1400 2047 et
1424 1984 1566 2059 nostre,
1589 1968 1821 2052 anathemati

404 2099 604 2206 subjaceat.
625 2101 758 2177 Amen.

461 2230 622 2308 «Actum
642 2249 699 2308 ert
718 2233 790 2307 hoc
807 2259 907 2308 enno
924 2232 1080 2308 Domini
1099 2229 1306 2308 millesimo
1322 2256 1355 2307 c.
1378 2231 1608 2337 octogesimo
1628 2237 1727 2309 rr!-

1069 2523 1152 2598 tv.

400 2726 505 2774 sanos,
518 2726 609 2768 sim
617 2725 842 2769 rsmrnums
852 2725 1118 2779 momontum
1129 2724 1277 2767 marens
1287 2725 1325 2766 nt
1336 2722 1438 2767 resuta
1446 2723 1575 2767 rotem
1584 2725 1618 2767 ss
1627 2725 1819 2769 soarnsesss

313 2877 320 2888 ⁶
403 2807 406 2812 ’
441 2832 457 2868 i
480 2829 672 2870 rismum
689 2824 912 2875 :amrmon
931 2829 1065 2870 ccccm
1086 2828 1126 2868 ne
1146 2826 1306 2869 τιυιιιει
1326 2828 1382 2868 nnc
1402 2828 1525 2868 tir-rm
1543 2827 1663 2870 inserts
1681 2829 1816 2872 raunrcrr

463 2932 521 2972 eso
538 2919 566 2971 ι·
583 2933 671 2973 neri
688 2933 746 2972 υτ.

978 3085 1231 3132 mlum&

303 3309 308 3320 ·
454 3295 467 3324 ι
480 3259 561 3367 Ego
576 3257 727 3348 Simon,
742 3256 814 3334 Dei
828 3256 1027 3363 patientis,
1042 3254 1158 3337 abbu
1171 3256 1288 3334 uncti
1301 3255 1462 3344 bertini,
1479 3273 1614 3333 notum
1627 3253 1711 3333 lieri
1726 3259 1813 3336 volo

392 3389 634 3496 presentibus
648 3407 686 3466 et
703 3388 880 3496 posteris,
901 3386 1025 3497 qnod,
1045 3414 1133 3466 cum
1150 3386 1333 3464 hienricus
1348 3385 1398 3463 de
1411 3385 1536 3464 insula
1555 3386 1813 3493 apermchieli

388 3520 654 3627 jurisdictione
675 3520 831 3599 ecclesie
851 3519 900 3597 de
913 3520 1107 3630 Trudlega
1122 3546 1163 3597 se
1181 3519 1369 3596 niteretur
1386 3517 1624 3606 subtrahere,
1642 3532 1682 3594 et
1699 3518 1751 3596 cb
1770 3519 1812 3596 id
1922 3544 1928 3557 ·

392 3653 492 3731 inter
505 3651 700 3731 ecclesiam
719 3648 837 3728 sueri
849 3650 1014 3741 bertini,
1034 3651 1084 3729 ed
1097 3650 1205 3759 cujus
1217 3648 1375 3726 titulum
1394 3665 1601 3726 memorate
1613 3649 1810 3755 parrochie

390 3784 580 3888 pertinere
603 3782 822 3873 dinoscitur,
851 3801 890 3860 et
911 3782 1076 3858 eundem
1094 3779 1299 3857 Henricum
1318 3777 1569 3856 controversie
1588 3794 1807 3871 verteretur,

390 3915 563 4004 tandem,
591 3910 760 3990 abdicata
783 3911 921 4021 injuria
951 3938 1035 4004 sua,
1061 3929 1139 3988 tem
1160 3908 1241 4017 ipse
1261 3908 1447 3987 Heuricus
1470 3936 1585 4015 quem
1611 3935 1705 3985 uxor
1728 3908 1808 4014 ejus

389 4047 614 4154 Margareta,
632 4061 743 4151 atque
762 4044 923 4121 heredes
939 4043 1124 4149 ipsorum,
1140 4039 1359 4131 Canturrie,
1379 4039 1421 4116 in
1440 4036 1605 4145 crpitrdo
1624 4036 1808 4144 presbite-

387 4205 535 4268 rorum,
556 4176 751 4254 assistente
776 4174 963 4263 Huberto,
984 4170 1250 4251 archidiacono
1274 4169 1537 4257 Cannrtrensi,
1563 4195 1607 4245 ac
1627 4168 1805 4276 magistro

386 4307 584 4385 Willelmo
611 4307 658 4383 de
682 4323 807 4385 senem
833 4305 949 4393 Fide,
977 4331 1017 4382 se
1047 4303 1313 4410 parrochianos
1339 4328 1420 4379 esse
1450 4299 1617 4406 predicte
1650 4296 1805 4376 ecclesie

386 4437 503 4512 suncti
518 4437 712 4514 Michaelis
727 4438 775 4514 de
789 4438 823 4514 T
824 4436 983 4546 rudlegc
997 4449 1311 4542 recognoverunt,
1328 4460 1369 4511 cc
1383 4430 1548 4509 decuere
1561 4447 1640 4507 tam
1652 4425 1803 4536 irrigum

384 4592 500 4677 quem
521 4569 842 4646 nutrimentorum
863 4584 903 4647 et
925 4567 1085 4646 aliarum
1112 4566 1284 4645 omnium
1304 4590 1432 4642 rerum
1449 4588 1622 4654 suarum,
1643 4587 1726 4669 que·
1750 4559 1804 4637 eis

384 4713 612 4778 renoventur
634 4697 673 4771 in
694 4724 812 4790 enno,
841 4700 965 4776 eidem
988 4695 1142 4776 ecclesie
1161 4695 1325 4774 fideliter
1344 4693 1495 4770 debere.
1514 4692 1594 4769 Hoc
1616 4704 1743 4767 autem
1759 4716 1803 4764 ee

425 4868 432 4896 ¹
457 4864 533 4928 Fort.
549 4869 605 4950 leg.
624 4862 739 4948 Colpitlt.
