4478 5842
546 426 668 554 raas
695 479 1350 554 sucunun.-S1uonrsu1n.
1378 480 1404 550 1.
1615 480 1684 552 ras

272 621 426 725 gratiam
452 622 598 699 domini
627 622 701 713 sui,
725 601 934 727 'quemdam
959 622 1077 727 ipsius
1107 620 1250 696 abbatis
1280 646 1496 711 monacum,
1533 621 1686 696 nomine

274 748 484 840 Albricum,
507 780 551 828 ex
564 753 732 861 injuncta
748 750 1027 838 ei‘obedientia,
1044 749 1158 827 Arlas
1172 749 1402 836 venientem,
1424 749 1536 826 nimis
1555 751 1690 827 crude·

270 876 358 956 liter
376 882 670 987 apprehensum,
691 882 842 988 precisis
868 880 1112 988 genitalibus,
1138 880 1337 983 deturpare
1358 880 1575 986 cogitarent,
1589 881 1678 957 satis

273 1009 478 1089 inhumane
497 1013 647 1118 penitus
674 1013 840 1089 civitam
865 1011 1065 1088 auferrent.
1128 1102 1133 1121 ἦ
1181 1010 1293 1100 circa,
1323 1026 1368 1085 ut
1393 1010 1516 1086 omnis
1543 1029 1691 1089 contro·

39 1236 42 1243 .
175 1244 178 1249 4
273 1141 388 1217 versia
410 1160 448 1218 et
463 1141 615 1249 querela
641 1143 740 1218 inter
759 1141 933 1249 abbatem
959 1156 997 1216 et
1021 1141 1258 1228 advocatum,
1283 1165 1356 1244 que
1378 1140 1423 1215 de
1445 1136 1585 1244 prelata
1604 1139 1690 1217 villa

274 1288 355 1347 orta
375 1289 448 1363 est,
469 1273 749 1378 imperpetuum
771 1272 949 1376 sopiatur,
970 1299 1032 1349 me
1056 1270 1246 1346 mediante
1266 1286 1305 1346 et
1323 1270 1518 1375 utriusque
1538 1298 1689 1348 assensu

163 1402 168 1409 “
274 1426 386 1502 super
411 1400 484 1477 boc
511 1399 777 1490 concordante,
793 1401 930 1490 statui,
952 1428 1038 1476 cum
1067 1400 1289 1506 optimatum
1315 1427 1489 1475 meorum
1512 1398 1688 1489 consilio,

275 1543 318 1603 ut
327 1528 542 1621 advocatus,
556 1530 622 1637 qui
635 1558 704 1635 pro
717 1546 889 1636 tempore
900 1529 1013 1606 suerit
1027 1530 1067 1606 in
1080 1529 1244 1637 regalem
1258 1528 1537 1635 expeditionem
1551 1529 1689 1633 iturus,

274 1687 393 1734 uuum
418 1657 618 1750 baconem,
645 1675 684 1736 et
711 1686 999 1765 unampensam
1024 1678 1232 1763 caseorum,
1265 1675 1304 1736 et
1330 1686 1451 1735 unum
1478 1686 1618 1765 equum
1645 1658 1692 1734 ad

274 1789 539 1881 summarium,
556 1788 630 1878 vel,
647 1789 806 1894 probis,
821 1817 936 1874 unam
951 1791 1142 1866 marcham
1156 1788 1301 1896 argenti
1313 1788 1359 1864 ab
1373 1786 1507 1866 abbate
1522 1774 1707 1894 accipiat,¹

276 1919 508 2026 et,.singulis
533 1920 657 2011 aunis,
680 1921 727 1997 de
750 1948 975 2026 unaquaque
993 1910 1092 1996 terr‘a
1113 1920 1230 2026 ipsius
1248 1919 1353 2010 ville,
1375 1919 1572 1996 dimidiam
1594 1919 1695 1995 firta-

277 2048 352 2123 lem
374 2076 504 2141 avene,
530 2050 611 2128 sine
631 2051 735 2127 omui
758 2050 1053 2127 contradictione
1074 2049 1225 2136 babeam
1242 2077 1287 2126 eo
1308 2065 1419 2154 pacto
1434 2066 1547 2155 atque
1563 2049 1695 2126 condi-

276 2177 396 2266 tione,
414 2195 458 2255 ut
474 2179 529 2255 nil
543 2208 711 2287 unquam
726 2180 888 2285 amplius
904 2180 951 2256 de
969 2181 1101 2258 eadem
1122 2178 1224 2269 villa,
1242 2178 1493 2285 qualicunque
1508 2208 1617 2255 causa
1636 2178 1694 2287 vel

278 2307 570 2402 machinatione,
588 2311 707 2418 exigat
726 2328 790 2387 aut
808 2310 980 2416 accipiat,
1005 2329 1042 2389 et
1061 2328 1105 2387 ut
1126 2308 1267 2400 abbati,
1290 2309 1320 2385 si
1341 2308 1560 2417 indiguerit,
1582 2335 1696 2413 opor-

277 2454 413 2514 tunnm
435 2468 501 2517 sue
527 2439 756 2519 defensionis
778 2441 959 2517 auxilium
978 2470 1057 2519 non
1082 2441 1286 2518 subtrahat.
1313 2441 1501 2529 Preterea,
1529 2437 1577 2513 ad
1602 2437 1697 2544 peti-

279 2567 422 2644 tionem
452 2569 541 2645 dicti
567 2570 711 2646 abbatis
740 2587 777 2647 et
806 2598 1051 2647 monacorum
1078 2560 1251 2660 suorum,
1285 2568 1411 2644 villam
1443 2567 1582 2646 Archas
1611 2597 1696 2646 cum

279 2698 456 2775 omnibus
478 2700 702 2805 appenditiis
727 2700 821 2792 suis,
843 2701 951 2776 terris
975 2701 1150 2778 videlicet
1177 2699 1287 2775 cultis
1309 2716 1349 2774 et
1372 2698 1542 2792 incultis,
1564 2698 1694 2806 pratis,

280 2829 442 2932 pascuis,
459 2829 705 2924 molendinis,
722 2830 846 2937 aquis,
868 2860 997 2923 coram
1012 2830 1217 2910 baronibus
1237 2829 1350 2918 mois,
1370 2829 1418 2905 ad
1435 2859 1546 2906 usum
1566 2846 1605 2907 et
1622 2829 1698 2906 uti·

279 2944 425 3033 litatem
451 2958 606 3036 ecclesie
637 2963 752 3038 sancti
785 2961 929 3039 Bertini
956 2961 1221 3068 possidendam
1252 2977 1435 3065 perpetuo
1463 2961 1696 3051 confirmavi,

279 3088 486 3166 itascilicet
503 3106 562 3178 ut,
580 3090 822 3168 sieuteadem
842 3090 929 3168 villa
942 3092 1136 3198 proprium
1150 3092 1213 3199 jus
1233 3107 1271 3166 et
1290 3090 1561 3168 bereditarium
1582 3090 1698 3166 saneti

279 3217 467 3295 Walberti
488 3218 635 3296 comitis
651 3216 792 3312 luerat,
814 3220 878 3328 qui
902 3250 984 3299 eam
1004 3241 1131 3300 sancto
1151 3221 1305 3300 Bertiuo
1325 3221 1460 3297 viventi
1481 3221 1520 3299 in
1541 3249 1698 3327 corpore

279 3347 449 3438 tradidit,
478 3347 529 3424 ita
548 3349 665 3426 sancti
685 3350 828 3427 Bertini
848 3349 1083 3459 fratrumque
1104 3351 1247 3428 ibidem
1270 3352 1351 3428 Deo
1373 3349 1614 3426 servientium
1633 3351 1701 3426 be-

280 3479 452 3555 reditaria
475 3495 513 3555 et
527 3479 678 3586 propria
696 3483 901 3587 possessio,
921 3467 1118 3572 comitatu,
1137 3480 1344 3572 exactione,
1358 3480 1548 3569 molestia,
1565 3479 1617 3568 vi,
1634 3506 1702 3584 op-

280 3610 489 3739 pressione,
512 3626 550 3686 et
568 3613 672 3688 omni
692 3611 775 3718 lege
795 3611 953 3689 seculari
973 3612 1173 3720 cujuslibet
1193 3611 1341 3688 comitis
1359 3610 1417 3686 vel
1439 3609 1603 3716 potentis
1619 3638 1700 3687 om·

181 3804 193 3819 .
280 3740 436 3817 nimodo
468 3738 639 3830 exclusis,
665 3738 735 3816 soli
767 3742 922 3819 ecclesie
951 3742 1118 3829 subdita,
1148 3742 1257 3818 firma
1283 3758 1322 3818 ct
1345 3739 1502 3847 pristina
1527 3740 1698 3818 libertate
1721 3812 1723 3817 .

279 3871 558 3974 imperpetuum
582 3887 810 3973 permaneat.
836 3873 1007 3975 Insuper,
1035 3871 1082 3946 de
1105 3871 1251 3976 pascuis
1276 3899 1478 3975 porcorum
1503 3870 1560 3948 vel
1579 3848 1696 3977 lpeco-

280 4022 364 4071 rum
384 3994 471 4071 villc
487 3996 535 4071 de
553 3995 685 4087 Aries,
702 3997 743 4071 in
758 3996 877 4073 vicina
893 3998 998 4089 silva,
1017 3999 1196 4076 Ruhould
1214 3999 1328 4089 dicta,
1347 4001 1503 4107 antiquo
1517 4001 1603 4108 jure
1618 4027 1700 4107 pas-

281 4124 463 4215 centium,
480 4126 692 4232 autiquarie
709 4143 809 4204 carte
829 4127 928 4204 dicte
946 4127 1101 4205 ecclesie
1120 4129 1341 4223 assentiens,
1359 4131 1493 4220 annui,
1513 4147 1557 4208 ut
1571 4129 1698 4210 nullus

198 4266 208 4285 ·
281 4252 393 4344 alius,
412 4253 483 4330 uisi
498 4253 612 4332 abbas
626 4272 691 4333 aut
706 4257 916 4364 prepositus
930 4258 988 4336 vel
1004 4259 1140 4336 missus
1154 4257 1272 4364 ipsius
1287 4257 1460 4352 ecclesie,
1475 4259 1567 4337 inde
1580 4262 1700 4371 exigat
1811 4239 1816 4248 ’

274 4372 480 4490 quidquid,
497 4413 567 4491 pro
582 4405 754 4492 respectu
770 4387 946 4467 silvestris
961 4405 1128 4496 pasture,
1146 4390 1371 4496 exigendum
1386 4405 1425 4468 et
1439 4390 1700 4498 accipiendum

114 4528 175 4611 ·¹'..·.·
282 4528 349 4588 est.
376 4515 557 4593 Pascuum
577 4544 728 4625 quoque
756 4546 957 4624 porcomm
977 4519 1035 4612 vel
1062 4548 1259 4626 pecorum,
1281 4548 1356 4627 que
1378 4520 1475 4598 inter
1496 4521 1701 4630 burgenses

160 4692 195 4738 Ι,.
221 4721 227 4733 ‚
282 4644 399 4741 sancti
424 4644 630 4723 Andomari
655 4665 693 4726 et
711 4647 840 4771 villam
862 4649 995 4739 Artas,
1014 4651 1126 4758 vulgo
1146 4651 1283 4729 dictam
1304 4652 1484 4744 Suinard,
1501 4652 1616 4763 jacet,
1635 4681 1702 4761 pa·

283 4772 440 4904 lustrem
469 4777 582 4855 ctiam
611 4794 750 4855 terram
777 4808 822 4857 ex
851 4779 1014 4889 integro,
1047 4808 1123 4889 que
1151 4781 1252 4861 inter
1278 4781 1457 4860 arabilem
1482 4796 1618 4859 terram
1653 4782 1700 4860 de

1452 4909 1492 4972 alt
