4478 5842
535 485 608 559 aaa
1027 481 1435 554 onnurunnnrou
1549 458 1551 462 ‘

534 624 751 734 religiosus,
782 625 938 701 nomine
966 622 1081 711 Urso,
1103 624 1193 699 huic
1218 623 1360 699 Sanctae
1384 622 1579 699 Trinitatis
1605 620 1691 699 loco
1715 623 1811 701 duos
1838 626 1952 702 vineae

533 756 718 861 arpendos
735 755 775 831 in
796 753 1013 831 Ebroicensi
1033 782 1127 861 pago
1148 752 1186 827 in
1200 752 1275 828 Bisi
1291 751 1407 842 Villa;
1430 770 1467 828 et
1483 750 1688 837 Ursilinus‚
1715 753 1796 861 ejus
1815 782 1948 861 nepos,

534 915 653 962 unum
671 886 795 961 eidem
815 885 929 960 vineae
945 884 1164 991 contiguum
1180 883 1402 986 arpendum‚
1420 910 1489 987 pro
1507 882 1704 959 commissa
1720 882 1948 961 fraternitate

534 1034 571 1092 et
582 1019 790 1092 animarum
808 1043 978 1104 suarum,
995 1012 1225 1089 unanimiter
1237 1011 1476 1088 tradiderunt
1488 1040 1575 1087 cum
1588 1040 1722 1119 magna
1738 1014 1945 1091 devotione.

532 1146 629 1237 Quia
649 1172 737 1221 vero
753 1145 844 1231 Ano,
862 1142 1016 1219 iliorum
1031 1143 1224 1229 dominus,
1241 1143 1318 1248 jam
1337 1159 1415 1218 erat
1434 1140 1654 1229 defunctus,
1672 1141 1752 1248 ejus
1765 1171 1868 1230 uxor,
1888 1175 1949 1220 vo-

532 1271 665 1349 cabulo
691 1274 870 1359 Hemina,
895 1289 1006 1377 atque
1026 1271 1095 1347 [ilii
1118 1273 1250 1376 Heppo
1272 1290 1309 1349 et
1327 1274 1388 1349 lvo
1409 1301 1450 1347 ac
1470 1272 1650 1349 Ricardus
1671 1273 1767 1349 bano
1785 1270 1949 1349 libenter

532 1421 748 1480 annuerunt
768 1403 1027 1490 donationem,-
1045 1419 1097 1490 et,
1117 1431 1186 1506 pro
1203 1402 1318 1506 patris
1338 1404 1396 1478 sui
1418 1403 1541 1478 anima
1559 1404 1711 1509 suisque
1732 1402 1945 1487 animabus,

532 1560 613 1608 eam
634 1533 681 1607 ab
700 1533 804 1608 omni
826 1531 955 1608 debito
970 1532 1249 1636 inperpetuum
1268 1531 1439 1609 fecerunt
1452 1531 1611 1608 liberam
1627 1561 1753 1608 coram
1770 1530 1946 1613 testibus

531 1679 586 1745 et,
614 1689 683 1765 pro
709 1661 915 1737 testimonii
941 1661 1069 1766 signo,
1095 1660 1233 1766 singuli
1259 1689 1373 1765 super
1398 1660 1512 1736 altare
1539 1662 1706 1765 sigiilum
1727 1674 1839 1737 suum
1860 1663 1949 1738 sub

530 1790 771 1893 scripserunt,
789 1790 1015 1893 inprecando
1029 1789 1144 1895 hujus
1162 1788 1376 1866 donationis
1393 1790 1580 1866 invasores
1596 1818 1682 1866 eum
1699 1789 1947 1867 infernalibus

532 1919 906 1994 anathematizandos.

698 2130 821 2209 Signum
848 2129 1026 2196 thnnm.
1055 2132 1177 2191 comitis.
1205 2132 1329 2211 Signum
1350 2133 1441 2213 ipsius
1467 2131 1603 2192 Unsons.
1632 2130 1945 2212 Signum-Hannonis.

739 2231 863 2310 Signum
896 2231 1005 2291 Ivoms.
1038 2231 1163 2312 Signum
1191 2232 1324 2291 channr.
1358 2230 1483 2313 Signum
1516 2233 1667 2299 Hnuuun.
1701 2235 1801 2292 matris
1832 2255 1944 2293 eorum.

738 2333 862 2413 Signum
875 2333 1022 2402 Unsorus.
1037 2334 1157 2416 dapiferi
1177 2335 1288 2395 Amnis.
1305 2333 1428 2416 Signum
1444 2336 1604 2403 Unsnnuu,
1624 2338 1687 2417 ejus
1703 2338 1823 2417 nepotis.
1849 2337 1945 2417 Hujus

738 2437 778 2494 rei
791 2446 885 2494 testes.
897 2435 1021 2516 Signum
1032 2435 1157 2504 Azouis,
1168 2436 1277 2496 militis.
1295 2436 1420 2517 Signum
1431 2439 1594 2508 Ausrnnor,
1606 2437 1660 2497 {ilii
1673 2437 1796 2497 Osbemi
1812 2437 1848 2496 de
1865 2439 1944 2496 Hau.

738 2535 862 2623 Signum
877 2535 1004 2596 Roonuu
1019 2536 1056 2596 de
1075 2537 1242 2618 Rotomago.

1203 2842 1272 2913 XI.
1380 2894 1383 2901 ‚

585 3050 749 3142 Quidam
769 3051 885 3128 homo
912 3050 959 3125 de
979 3053 1104 3156 Longa
1124 3049 1238 3136 Villa,
1261 3054 1414 3128 nomine
1440 3052 1526 3129 Odo
1551 3050 1747 3160 Alcepied‚
1770 3054 1943 3129 vendidit

527 3177 636 3254 nobis
663 3178 864 3255 dimidium
893 3179 1008 3254 vineae
1030 3178 1200 3281 (alteram
1236 3181 1336 3255 enim
1363 3198 1507 3286 partem
1526 3180 1788 3285 habebamus),
1810 3183 1938 3288 viginti

527 3308 677 3387 duobus
707 3308 847 3390 solidisr
864 3309 903 3385 in
927 3309 1107 3387 alodium.

723 3510 845 3571 Testes:
864 3510 988 3592 Signum
1011 3511 1114 3574 Ivome
1139 3513 1177 3574 de
1199 3514 1268 3574 Risi.
1294 3513 1418 3595 Signum
1443 3512 1553 3574 Azons
1578 3514 1615 3573 de
1633 3514 1786 3574 Fontanus.
1816 3513 1940 3590 Signum

766 3612 920 3676 Wunrnur
941 3615 978 3676 de
992 3616 1091 3696 Longa
1107 3614 1189 3677 Villa.
1211 3615 1335 3698 Signum
1350 3616 1506 3682 Osann,
1523 3613 1576 3674 filii
1594 3617 1666 3697 ejus.

1183 3913 1278 3986 XII.
1363 3960 1366 3967 ι

582 4125 762 4203 Vinitoris
776 4125 967 4233 cujusdam
984 4127 1101 4203 nostri
1117 4155 1158 4201 ac
1174 4125 1365 4231 mancipii,
1382 4128 1534 4203 nomine
1550 4124 1724 4231 Droguli‚
1744 4127 1940 4202 conventio

523 4252 606 4330 taiis
623 4253 706 4330 fuit.
732 4256 800 4332 Hic
822 4257 936 4364 igitur
955 4256 1054 4360 apud
1077 4284 1145 4333 nos
1167 4257 1409 4334 vehementer
1429 4271 1619 4332 accusatus
1639 4271 1677 4329 et
1701 4256 1739 4330 in
1760 4255 1939 4360 placitum

524 4381 726 4476 adductus,
753 4387 847 4462 adeo
868 4387 1041 4463 inventus
1066 4403 1121 4464 est
1141 4414 1246 4479 reus,
1270 4405 1312 4464 ut
1335 4403 1479 4493 septem
1500 4384 1683 4461 librarum
1705 4384 1835 4462 debito
1856 4416 1941 4491 pre-

523 4530 702 4629 meretur.
724 4517 826 4608 Quas
846 4545 924 4594 non
946 4517 1089 4594 habens
1108 4516 1212 4594 unde
1231 4518 1425 4606 redderet,
1447 4515 1493 4591 ab
1514 4513 1647 4591 abbate
1662 4516 1836 4592 Rainerio
1853 4545 1938 4592 curn

523 4670 636 4718 uxore
648 4657 685 4719 et
699 4644 829 4721 liberis
842 4647 962 4723 servili
974 4647 1061 4753 jure
1075 4647 1264 4752 accipitur.
1282 4648 1455 4753 Cumque
1471 4645 1766 4723 misericordiam
1781 4663 1937 4751 peteret,

524 4773 698 4851 misertus
716 4791 772 4850 est
789 4772 912 4860 abbas.
931 4776 1011 4849 Non
1029 4766 1153 4853 solum
1178 4776 1350 4854 debitum
1370 4776 1530 4864 dimisit,
1548 4775 1747 4855 sedetiam
1768 4777 1936 4881 quinque
