4478 5842
91 3982 123 4060 {3
135 3981 196 4034 mai.
209 3983 286 4051 1057.

321 490 391 560 180
424 536 432 547 ·
666 488 1071 561 CHARTULARIUM
1103 491 1381 564 SlTHIENSE.

316 657 360 706 eo
382 627 542 736 amplius
561 630 668 705 annis
693 630 866 719 latuerat,
892 631 1112 733 reppererit3
1136 649 1173 706 et
1191 648 1402 734 repertum,
1429 647 1571 706 astante
1595 645 1736 737 specta-

316 759 450 837 bilium
479 787 724 863 personarum
753 760 947 863 utriusque
975 788 1082 837 sexus
1108 761 1302 834 innumera
1340 758 1602 849 multitudine,
1628 764 1738 837 attes-

315 890 480 965 tantibus
503 890 619 964 eciam
646 890 776 994 signis,
800 889 1006 966 honorilice
1028 890 1216 979 levaverit,
1244 888 1536 996 elevationisque
1557 890 1736 995 sollemp-

317 1047 404 1092 nem
426 1019 526 1093 diem
547 1018 809 1093 celebrandam
830 1019 1006 1094 omnibus
1022 1020 1129 1095 annis
1147 1036 1411 1097 sextononnas
1429 1019 1503 1094 mai
1519 1021 1733 1096 instituerit.

318 1148 404 1237 Quo
430 1175 583 1251 quoque
608 1165 797 1253 ternpore,
822 1147 1075 1225 sorensioruna
1095 1149 1334 1259 negotiorum
1363 1149 1533 1225 nundine
1555 1151 1594 1225 in
1620 1149 1735 1255 opido

316 1277 430 1351 sancti
448 1276 653 1353 Andomari
675 1277 962 1355 celebrabantur
977 1307 1020 1354 ex
1034 1304 1153 1358 more.
1172 1278 1344 1373 Qualiter
1356 1307 1445 1387 ergo
1461 1281 1592 1355 eadem
1609 1280 1737 1356 inven-

314 1405 369 1481 tio
386 1407 599 1513 inventique
623 1408 911 1485 sanctielevatio
933 1408 1223 1516 elevationisque
1247 1399 1468 1515 sollempnis
1492 1406 1679 1486 institutio
1690 1411 1736 1485 sit

314 1553 430 1641 gesta,
452 1567 564 1642 quam
585 1538 763 1615 decenter
785 1539 833 1615 sit
853 1540 1038 1628 ordinata,
1062 1569 1176 1646 quam
1197 1540 1406 1646 prudenter
1427 1539 1576 1616 effectui
1597 1539 1735 1616 manci·

315 1682 416 1769 pata,
434 1668 746 1743 commentariolo
767 1667 814 1745 ab
832 1669 968 1745 eodem
981 1671 1060 1746 viro
1075 1671 1227 1747 Bovone
1248 1651 1381 1747 abbate
1394 1672 1566 1746 accurato
1582 1668 1735 1775 eloquio

315 1796 448 1872 exinde
470 1799 697 1904 composito,
720 1799 813 1875 scire
832 1800 1046 1878 volentibus
1064 1828 1134 1906 per
1148 1802 1322 1877 ordinem
1338 1817 1452 1907 patet.
1473 1802 1580 1877 Facta
1594 1789 1656 1877 est·
1669 1828 1735 1877 au·
1784 1824 1785 1828 ’

314 1945 391 2002 tem
416 1928 580 2005 inventio
606 1926 795 2005 ista'anno
816 1948 1003 2036 assumpte
1023 1931 1223 2008 nativitatis
1243 1931 1382 2008 Christi
1402 1928 1604 2005 millesimo
1623 1928 1735 2034 quin-

315 2057 546 2164 quagesimo,
569 2059 709 2134 mensis
724 2058 824 2165 junii
846 2059 906 2135 die
934 2078 1034 2135 sexta
1058 2060 1220 2152 decima3
1247 2058 1402 2147 elevatio
1420 2087 1525 2149 vero,
1553 2059 1736 2164 quinqua-

314 2187 456 2293 gesimo
477 2187 642 2265 secundo
663 2217 775 2292 super
790 2189 1054 2279 millesimum,
1078 2190 1270 2296 regiminis
1286 2217 1436 2293 quoque
1457 2189 1573 2292 ipsius
1592 2187 1735 2263 abbatis

315 2316 484 2406 decimo,
511 2320 636 2393 Leone
662 2346 756 2421 papa
781 2323 905 2393 nono¹
931 2318 1135 2422 apostolice
1160 2319 1240 2394 sedi
1264 2318 1497 2422 presidente,
1522 2317 1562 2391 in
1584 2317 1735 2392 Francia

314 2474 401 2552 rege
418 2447 579 2523 Henrico
594 2464 788 2553 regnante,
807 2465 845 2522 et
857 2448 994 2524 comite
1009 2447 1197 2525 Balduino
1209 2447 1385 2525 lnsulano
1397 2447 1436 2523 in
1451 2446 1626 2522 Flandria
1640 2446 1737 2550 prin-

316 2576 471 2680 cipante.
493 2579 568 2653 Nec
586 2580 710 2655 adhuc
730 2578 789 2654 bis
810 2595 1025 2668 contentus,
1042 2579 1097 2655 vir
1111 2570 1193 2656 Deo
1209 2580 1364 2687 dignus,
1388 2605 1476 2653 cum
1492 2576 1617 2651 vivens
1636 2574 1735 2651 salus
1784 2584 1787 2588 ‘

316 2724 413 2781 esset
439 2707 690 2809 presentium,
715 2725 757 2785 ut
786 2709 904 2785 eciam
931 2727 1105 2786 mortuus
1132 2709 1242 2785 fieret
1269 2707 1477 2813 presidium
1497 2704 1733 2795 futurorum,

316 2834 485 2918 Romam,
499 2837 630 2911 mundi
653 2836 857 2924 dominam,
876 2838 1029 2914 nuntios
1047 2839 1163 2927 misit,
1184 2856 1396 2945 cartamque
1413 2837 1460 2915 de
1476 2834 1647 2911 libertate
1663 2833 1736 2912 loci

315 2961 385 3035 sibi
400 2963 600 3052 commissi,
614 2981 651 3038 et
665 2965 712 3039 de
726 2965 996 3042 substituendis
1009 2967 1205 3047 abbatibus
1214 2968 1407 3043 communi
1416 2967 1475 3042 vel
1487 2982 1586 3042 certe
1599 2963 1735 3065 saniori

315 3089 473 3164 fratrum
497 3091 671 3181 oonsilio,
689 3093 908 3168 auctoritate
921 3095 1081 3170 Victoris
1107 3124 1218 3199 pape,
1244 3096 1313 3171 sub
1342 3093 1736 3171 excommunicationis

317 3219 567 3310 anathemate,
595 3219 816 3297 confirmare
842 3221 940 3296 lecit.

978 3550 1074 3623 Xll.

669 3762 822 3804 mantuan
843 3763 934 3805 OER'I'E
956 3763 993 3802 DE
1015 3764 1173 3805 UBERTATE
1195 3764 1285 3806 RUJUS
1305 3763 1379 3805 wel.

376 3947 529 4039 «Victor
549 3959 760 4067 episcopus,
779 3988 904 4037 servus
924 3952 1116 4036 servorum
1136 3960 1223 4052 Dei,
1242 3959 1379 4059 dilecto
1402 3957 1481 4035 lilio
1498 3956 1654 4049 Bovoni,
1677 3986 1736 4036 re·-

319 4091 450 4199 ligioso
474 4090 620 4183 abbati,
650 4091 868 4197 cunctisque
895 4089 1172 4167 successoribus
1197 4090 1277 4198 ejus
1295 4089 1343 4179 ⁴in
1368 4087 1550 4165 Sitbiensi
1576 4085 1735 4165 cenobio

318 4220 538 4330 regulariter
553 4220 819 4327 promovendis
835 4219 1127 4326 imperpetuum.
1143 4218 1328 4340 Convenit
1340 4216 1545 4323 apostolico
1563 4215 1737 4292 modera-

319 4350 412 4426 mini
431 4349 624 4456 quatinus,
642 4349 737 4426 sicut
753 4345 932 4458 dignitate
949 4377 990 4425 ac
1004 4349 1202 4426 autoritate
1219 4347 1335 4435 Petri,
1352 4346 1539 4459 principis
1550 4345 1738 4452 apostolo-

318 4509 416 4571 rum,
433 4477 619 4588 singulare
640 4478 877 4586 privilegium
900 4478 1076 4557 omnibus
1106 4478 1378 4585 preminemus,
1405 4475 1455 4551 ita
1479 4476 1734 4553 universarum

320 4607 559 4687 ecclesiarum
589 4608 659 4687 Dei
691 4608 986 4723 sollicitudinem
1014 4607 1237 4700 habeamus,
1273 4637 1313 4684 ac
1340 4605 1507 4716 singulis,
1522 4605 1734 4714 quibusque

326 4866 329 4870 a
361 4810 369 4840 ¹
391 4811 500 4892 Corrig.
516 4823 623 4890 quarta.
735 4862 739 4869 .
