4478 5842
322 426 390 540 rao
661 469 1068 545 cunarumruun
1105 468 1384 544 srrumnsr.

317 609 446 687 decem
464 629 501 688 et
514 629 658 716 septem
669 611 751 688 solo
765 612 919 689 nomine
935 590 1156 718 prefuisset]
1167 628 1358 721 egrotans,
1374 608 1485 709 pbiit,
1503 636 1603 686 anno
1618 605 1734 685 Verbi

316 741 493 818 incarnati
514 769 742 833 nooocxvtu,
762 771 826 820 uu.
849 744 934 839 idus
953 743 1188 849 septembris.
1206 742 1381 848 Cumque
1400 768 1535 846 corpus
1550 739 1631 846 ejus
1649 765 1734 844 pars

315 872 438 978 aliqua
453 875 618 951 militum
635 875 674 949 in
691 874 817 952 Sithiu
832 875 1073 963 monasterio,
1085 874 1190 980 juxta
1204 890 1349 979 patrem
1359 901 1468 948 suum
1485 869 1732 978 [Balduinum

315 1005 343 1076 F
345 1004 529 1111 erreuml,
547 1004 687 1081 vellent
706 1005 913 1097 tumulare,
942 1034 1036 1082 uxor
1058 1007 1158 1112 ejus,
1181 1004 1335 1080 nomine
1353 1001 1552 1093 Elftrudis,
1577 1000 1732 1105 cupiens

314 1162 399 1208 cunr
416 1134 481 1210 illo
497 1135 638 1239 pariter
654 1137 692 1210 in
710 1165 787 1212 uno
805 1136 989 1212 cimiterio
1008 1135 1257 1223 concinerari,
1275 1134 1470 1224 Gandavo,
1487 1134 1526 1207 in
1547 1147 1733 1208 monaste-

315 1264 368 1339 rio
394 1264 611 1354 Blandinio,
643 1265 731 1342 fecit
749 1266 941 1343 tumulari.
962 1266 1130 1343 Necdum
1158 1266 1260 1342 enim
1285 1264 1431 1341 licitum
1456 1279 1536 1339 erat
1556 1260 1731 1367 cuiquam

313 1396 537 1473 feminarum
559 1397 676 1473 sancti
690 1397 834 1472 bertini
857 1398 1003 1501 ingredi
1029 1397 1316 1485 monasterium,
1334 1375 1513 1500 nefasque
1531 1393 1733 1499 putabatur

312 1504 345 1599 si
362 1526 419 1601 vel
446 1527 607 1602 ecclesiae
628 1525 752 1631 aliqua
774 1524 903 1600 furtim
927 1525 1174 1601 subintrasset
1192 1526 1328 1600 atrium
1341 1531 1363 1599 ¹.

368 1656 531 1731 Markam
560 1683 647 1730 vero
678 1657 757 1761 ejus
777 1653 846 1730 filii
867 1655 948 1761 ejus
968 1655 1066 1729 inter
1086 1683 1123 1728 se
1144 1653 1368 1743 diviserunt,
1391 1671 1427 1728 et
1448 1642 1645 1741 Arnullus,
1666 1653 1732 1759 qui

313 1786 432 1890 major
456 1803 546 1860 natu
566 1802 660 1872 erat,
684 1783 917 1875 Elandriam3
941 1782 1176 1889 Adalolphus
1199 1812 1286 1859 vero
1314 1782 1499 1860 civitatem
1521 1781 1730 1858 Bononiam
1798 1876 1801 1882 Ι

312 1933 349 1990 et
379 1917 572 2022 regionem
595 1916 886 2005 Taruennicarn,
908 1914 1120 2020 pariterque
1142 1913 1257 1990 sancti
1278 1913 1419 1989 bertini
1433 1913 1603 2018 'suscepit
1616 1912 1730 1990 abba-

242 2082 247 2091 ,
313 2045 412 2137 tiam.
436 2046 553 2152 Cujus
568 2072 751 2135 amorem,
774 2061 957 2151 quantum
977 2044 1072 2120 circa
1093 2042 1258 2120 eundem
1278 2042 1404 2117 locum
1422 2040 1570 2131 habuit,
1591 2059 1731 2119 testan-

311 2194 373 2249 tur
387 2176 451 2280 qui
476 2175 599 2254 adhuc
612 2160 830 2280 supersunt,
847 2175 912 2280 qui
931 2203 1019 2252 eum
1041 2173 1116 2252 line
1136 2191 1248 2251 tenus
1266 2188 1531 2278 cognoverunt.

928 2438 1130 2549 nxrnvj

680 2653 717 2693 m:
739 2653 917 2696 elevatione
937 2653 1038 2695 sartor!
1060 2651 1196 2703 rouan'l
1220 2649 1354 2694 calscoel.

366 2827 475 2903 Anno
489 2844 574 2930 post
589 2827 666 2902 haec
681 2853 919 2904 uceccxxvur.
937 2826 1160 2903 felicissimae
1175 2827 1441 2904 incarnationis
1455 2810 1730 2904 thesu'Christi

229 3019 234 3032 ,
310 2957 464 3031 Domini
490 2957 624 3045 nostri,
644 2973 815 3061 tempore
831 2955 957 3032 Karoli
975 2957 1150 3048 reclausi,
1174 2957 1380 3034 indictione
1398 2986 1436 3048 1.,
1454 2985 1561 3033 meus
1575 2956 1641 3062 qui
1656 2957 1730 3033 hoc
1765 2989 1767 2993 ·

311 3087 434 3188 ipsum
446 3084 567 3160 scribo
580 3102 693 3188 pater,
712 3085 922 3190 Folquinus
937 3085 1111 3175 nomine,
1124 3116 1212 3165 cum
1227 3088 1340 3163 fratre
1357 3115 1443 3174 suu,
1461 3103 1639 3192 apparatu
1651 3113 1728 3192 quo

310 3232 494 3318 poterant,
521 3216 568 3291 de
589 3243 706 3324 reguo
725 3215 883 3292 Hlotarii
905 3217 979 3292 huc
1001 3217 1219 3307 adveniunt,
1240 3217 1355 3294 sancti
1375 3215 1552 3321 Folquini
1573 3245 1725 3321 corpus,

307 3344 412 3448 quod
422 3373 466 3421 eo
482 3374 601 3451 usque
611 3362 784 3450 tempore
799 3363 898 3422 terra
910 3347 1119 3456 tegebatur,
1136 3347 1257 3424 levare
1272 3345 1478 3449 cupientes.
1495 3345 1610 3421 Erant
1624 3346 1725 3421 enim

308 3476 458 3580 utrique
479 3476 650 3582 ejusdem
664 3475 765 3553 beati
781 3477 848 3552 viri
865 3477 1001 3553 carnali
1017 3476 1336 3582 consanguinitate
1357 3475 1528 3580 proximi.
1539 3475 1728 3553 Postulata

308 3608 419 3680 etiam
434 3636 453 3681 a
474 3606 643 3711 predicto
665 3608 802 3683 comite
819 3625 856 3683 et
871 3606 1005 3684 abbate
1023 3605 1238 3715 Adalolpbo*
1253 3605 1420 3695 licentia,
1434 3621 1589 3684 ventum
1605 3623 1661 3683 est
1679 3606 1727 3682 ad

307 3725 420 3813 sancti
441 3739 507 3813 viri
530 3737 701 3813 tumbam
730 3767 815 3814 cum
843 3740 959 3816 cereis
979 3757 1016 3815 et
1036 3738 1339 3817 thimiamateriis
1364 3755 1403 3815 et
1427 3740 1542 3815 choro
1566 3737 1728 3845 psallen-
1794 3722 1797 3730 ¹

307 3867 419 3958 tium,
451 3868 760 3975 elevaveruntque
786 3897 923 3974 corpus
947 3868 1076 3947 idibus
1105 3870 1335 3960 novembris,
1364 3867 1456 3944 feria
1479 3895 1526 3958 v.,
1553 3868 1615 3945 die
1640 3869 1728 3944 illu-

309 4015 494 4087 cescente3
514 4016 887 4106 praeparaveruntque
908 4001 1112 4106 supradicti
1133 4000 1377 4078 refectionem
1402 3997 1596 4090 fratribus,
1614 4016 1727 4105 prout

310 4145 496 4229 poterant3
520 4128 650 4205 vinum
671 4157 834 4235 namque
861 4148 899 4208 et
921 4132 1049 4208 omnia
1073 4131 1120 4207 ad
1143 4131 1281 4206 victum
1309 4129 1513 4208 necessaria
1535 4130 1726 4207 venientes

350 4289 359 4319 ¹
382 4293 449 4352 Post
459 4291 520 4352 haec
530 4291 594 4352 cod.
603 4292 728 4352 Audom.
743 4292 825 4354 addit
838 4315 904 4378 que
917 4306 1096 4377 sequuntur:

414 4394 564 4474 Nam,per
575 4393 669 4472 legem
683 4394 841 4467 celebrem,
1152 4397 1243 4476 Negat
1253 4395 1300 4455 hic
1311 4395 1362 4455 tibi
1374 4396 1505 4455 terminis
1515 4397 1600 4458 edem
1716 4406 1719 4411 '

415 4494 543 4553 Monacis
554 4514 656 4554 sexum
672 4496 862 4567 muliebrem,
1152 4497 1302 4564 Sanctam,
1313 4508 1481 4557 sanctorum

413 4595 599 4678 Quamquam
609 4596 661 4655 diu
673 4596 756 4667 vixit,
1150 4597 1197 4660 Sic
1206 4619 1308 4665 norma
1318 4597 1403 4683 jubet
1413 4599 1634 4662 monachorum.

413 4696 744 4767 Prelixolimite,dixit:
1151 4698 1298 4763 Hicloeus
1312 4702 1492 4762 nuncritum

294 4848 296 4852 Α
414 4801 548 4870 Femina,
563 4799 620 4882 lige
631 4801 755 4884 pedem!
1149 4802 1359 4887 Colit,apatre
1368 4804 1536 4866 stabilitum.
1579 4873 1582 4879 ,
1631 4765 1634 4770 -
