4478 5842
559 486 628 557 raa
714 570 718 577 ,
900 483 1301 560 cunarunaaruu
1338 486 1617 560 srrnrnusn.

552 626 591 700 iu
612 624 837 728 proprietate
852 652 934 715 sua,
949 625 1047 701 sicut
1065 624 1176 733 longe
1192 625 1364 730 superius
1388 626 1482 717 dixi,
1504 626 1681 703 cellulam
1709 627 1898 732 quandam
1925 630 1964 703 in

551 753 697 829 honore
711 752 865 830 Domini
888 752 1101 843 Salvatoris,
1123 753 1162 829 in
1177 755 1260 832 loco
1280 773 1521 860 nuncupante
1541 755 1770 844 Stenetlant;
1787 755 1963 862 adquam

425 935 428 940 -
552 885 751 958 maximam
762 882 979 960 hereditatis
992 910 1066 960 suae
1077 901 1220 989 partem
1235 884 1481 992 delegaveram
1495 902 1533 961 et
1545 886 1641 961 banc
1654 886 1814 962 eandem
1828 883 1960 961 cellam

550 999 608 1088 ad*
620 1031 788 1089 sanctum
808 1013 1001 1089 bertinum
1016 1042 1084 1118 pro
1099 1028 1202 1118 parte
1222 1014 1292 1090 filii
1307 1015 1365 1091 sui
1381 1014 1611 1103 Gundberti,
1632 1043 1745 1120 quem
1767 1014 1807 1088 in
1825 1006 1960 1091 eodem

531 1128 776 1218 ¹monasterio
797 1143 1026 1219 monachum
1048 1139 1202 1232 fecerat,
1221 1143 1291 1219 sub
1316 1160 1498 1251 perpetua
1522 1143 1698 1219 firmitate
1723 1142 1958 1220 condonavit.

549 1271 672 1345 Prima
696 1288 823 1347 autem
847 1271 1033 1347 kartarum
1058 1272 1105 1348 de
1133 1272 1245 1360 villis,
1267 1303 1359 1380 quas
1384 1275 1431 1349 ad
1452 1275 1610 1350 eandem
1632 1273 1764 1350 cellam
1789 1273 1958 1362 tradidit,

548 1399 745 1476 nobiscum
760 1400 921 1477 habetur
942 1402 988 1477 de
1008 1402 1294 1513 Curmoutium,
1315 1431 1397 1508 qnae
1413 1404 1452 1479 in
1470 1403 1604 1480 ordine
1618 1402 1828 1508 scriptionis
1841 1402 1961 1510 prima

548 1530 617 1606 erit
636 1530 957 1635 subsequentium.

1127 1793 1370 1868 LXXXIII.

727 1987 863 2028 rnamrro
884 1987 1019 2029 cotannrl
1043 1988 1080 2027 DE
1101 1988 1308 2038 CURUONTIUM,
1330 1990 1461 2032 TBHPOBE
1481 1991 1626 2035 autumni
1650 1993 1776 2035 sanans.

397 2245 404 2258 .
479 2245 485 2260 .
602 2185 779 2261 «Domuo
791 2183 990 2259 venerabili
1002 2184 1039 2258 in
1050 2182 1200 2259 Christo
1209 2185 1303 2287 patri
1315 2186 1521 2292 Fridogiso,
1534 2186 1658 2261 abbati
1670 2186 1717 2261 de
1729 2189 1956 2263 monasterio

545 2314 686 2403 Sithiu,
713 2313 782 2391 ubi
803 2314 879 2389 duo
904 2313 975 2420 agii
996 2312 1233 2388 Andomams
1258 2313 1432 2390 videlicet
1451 2342 1527 2389 una
1549 2343 1635 2390 cnm
1656 2314 1767 2391 beato
1785 2315 1954 2406 Bertino,
2017 2304 2020 2309 .

542 2442 680 2521 Christi
690 2443 842 2520 Domini
852 2441 1093 2533 consessores,
1105 2441 1144 2515 in
1158 2469 1312 2545 corpore
1326 2459 1537 2547 repausant.
1551 2444 1641 2549 Ego,
1655 2443 1696 2519 in
1707 2443 1777 2521 Dei
1789 2446 1955 2532 nomine,

543 2573 761 2664 Goibertus,
788 2603 862 2649 una
892 2601 976 2648 cum
1005 2571 1084 2648 filio
1112 2598 1198 2646 meo
1223 2570 1451 2658 Guntherm,
1483 2572 1620 2677 pariter
1646 2573 1863 2666 traditores,
1890 2604 1957 2681 per

544 2704 639 2781 hanc
658 2703 855 2808 epistolam
874 2701 1084 2779 traditionis
1102 2701 1287 2777 donamus
1306 2701 1410 2777 vobis
1426 2718 1630 2807 spontanea
1643 2701 1835 2780 voluntate
1850 2706 1956 2811 quic-

542 2835 635 2939 quid
648 2832 786 2909 habere
797 2830 855 2907 val
866 2808 1061 2906 domiuaie
1072 2830 1138 2905 visi
1151 2858 1282 2907 sumus
1293 2829 1334 2904 in
1345 2830 1430 2908 loco
1441 2830 1508 2936 qui
1523 2830 1662 2907 dicitur
1674 2832 1953 2924 Curmontium,

541 2963 581 3037 in
593 2992 685 3068 pago
698 2961 928 3052 Bononensi‚
943 2989 1054 3066 super
1067 2959 1223 3036 fluvium
1243 2957 1413 3069 Edirinia
1427 2960 1489 3037 :id
1504 2977 1575 3048 est,
1592 2990 1765 3039 mansum
1781 2980 1818 3041 et
1829 2992 1953 3042 ,casam

542 3089 736 3197 capitalem
758 3090 1048 3195 superpositam,
1073 3116 1159 3164 cum
1180 3088 1250 3163 alia
1269 3089 1409 3166 castitia
1432 3087 1490 3164 vel
1511 3090 1657 3165 edificia
1679 3092 1822 3170 ibidem
1841 3098 1955 3198 perti-

541 3204 682 3312 nentia,
698 3221 837 3327 majora
850 3219 907 3294 vel
921 3220 1081 3310 minora3
1099 3247 1173 3296 una
1189 3247 1274 3294 cum
1289 3218 1399 3294 terris
1408 3217 1627 3310 arabilibus,
1640 3222 1769 3324 pratis,
1785 3227 1950 3327 pascuis,

540 3352 724 3440 concidis,
762 3347 1003 3440 communiis,
1030 3349 1164 3455 perviis
1193 3347 1386 3455 legitimis,
1415 3363 1453 3422 et
1478 3348 1727 3453 wadriscapis3
1759 3352 1885 3454 omnia
1914 3356 1952 3428 iu

541 3483 733 3572 omnibus,
760 3511 839 3559 rem
863 3480 1143 3586 inexquisitam,
1167 3493 1291 3554 totum
1318 3476 1365 3552 ad
1389 3477 1594 3582 integrnm3
1617 3494 1653 3553 et
1672 3477 1827 3584 insuper
1847 3510 1953 3557 man—

541 3613 635 3718 cipia
654 3640 692 3705 x,
717 3613 776 3689 his
800 3610 1043 3688 nominibus:
1067 3606 1305 3695 Ellefridnm,
1328 3604 1552 3693 Odbertam,
1575 3605 1833 3698 Gerwaldum,
1855 3612 1955 3689 Vne-

540 3742 779 3819 rembaldum
800 3768 886 3814 cum
904 3736 1108 3812 infantibus
1133 3734 1210 3810 suis
1224 3760 1268 3821 11,
1291 3732 1471 3812 Hildewil
1489 3762 1575 3811 cum
1595 3734 1800 3814 infantibus
1818 3740 1894 3817 suis
1913 3769 1950 3818 11.

541 3873 625 3947 Haec
643 3869 769 3947 omnia
785 3866 956 3973 superius
971 3861 1211 3940 denominata
1233 3861 1281 3937 ad
1298 3862 1542 3968 sepulchrum
1561 3862 1676 3941 sancti
1695 3867 1837 3943 Bertiui
1853 3867 1952 3977 lega-

540 4000 626 4077 liter
642 4027 764 4077 coram
784 3997 943 4074 testibus
962 3992 1162 4082 tradimus,
1191 4018 1233 4067 ea
1252 3991 1393 4068 scilicet
1412 3992 1646 4084 conditione,
1674 3996 1849 4100 quatinus
1869 4018 1953 4104 post

540 4159 609 4207 nos
628 4130 666 4205 iu
688 4128 823 4206 eodem
838 4126 923 4202 loco
941 4123 1104 4202 Domino
1119 4119 1341 4198 famulantes
1353 4122 1442 4211 hoc,
1457 4122 1504 4199 ad
1516 4122 1714 4229 specialem
1730 4128 1951 4208 consolatio·

541 4287 647 4352 nem,
665 4287 776 4365 supra
794 4284 905 4332 suum
921 4250 1092 4330 debitum
1105 4250 1280 4327 habeant.
1296 4250 1411 4343 Quod
1425 4251 1455 4328 si
1471 4252 1668 4357 quisquam
1683 4255 1729 4329 de
1744 4257 1951 4337 rectoribus

540 4388 697 4493 predicti
718 4384 933 4464 monasterii
957 4382 1030 4459 hoc
1055 4381 1102 4457 ab
1128 4380 1181 4457 eis
1197 4380 1361 4470 auferre,
1385 4372 1544 4485 'propter
1565 4381 1870 4477 malivolentiam,
1891 4386 1950 4463 vel

540 4519 630 4595 inde
646 4518 816 4594 debitum
830 4542 962 4598 eorum
977 4512 1151 4617 supplere
1160 4509 1339 4599 voluerit,
1354 4527 1447 4586 tunc
1459 4510 1704 4604 omnimodis,
1722 4512 1860 4619 absque
1871 4514 1949 4592 ulla

540 4647 854 4736 contradictione,
872 4642 918 4721 ad
933 4661 1081 4720 nostros
1100 4641 1287 4747 legitimos
1309 4639 1469 4717 heredes
1483 4658 1667 4718 revertere
1683 4643 1834 4736 debeat;
1855 4660 1893 4722 et
1907 4663 1949 4722 ut

540 4808 610 4892 ego
625 4776 873 4866 Guntbertus‚
890 4790 1045 4880 propter
1063 4772 1137 4847 hoc
1157 4768 1316 4858 donum,
1338 4769 1536 4876 quamdiu,
1553 4770 1716 4850 Domino
1740 4790 1944 4866 annuente,
