4388 5850
549 493 865 567 MONASTERII
902 492 1108 565 SANCTAE
1139 491 1437 564 TRINITATIS.
1628 489 1700 562 [129

288 637 431 716 solidos
448 636 517 711 hac
538 635 683 712 ratione
704 632 769 710 illi·
782 632 906 720 dedit,
926 650 987 723 ut,
1008 634 1083 710 tale
1098 632 1251 741 penitus
1264 633 1445 711 recedens
1458 632 1699 709 consuetudi-

288 769 456 856 narium,
480 765 550 844 sibi
574 766 770 841 vindemiae
790 793 953 855 saccum,
976 782 1014 842 ct
1032 762 1139 870 quod
1158 764 1290 841 dicunt
1308 763 1512 852 closiriam‚
1536 764 1615 868 ipse
1642 764 1700 839 vei

287 899 399 975 heres
417 898 498 1004 ejus
518 897 659 973 Sanctae
679 895 852 972 Trinitati
872 895 912 969 in
934 893 1059 971 alodio
1080 893 1301 971 dimitteret.

453 1116 577 1177 Testes:
598 1116 721 1198 Signum
737 1115 849 1209 laurus,
865 1113 918 1174 filii
938 1112 1050 1175 Amnis.
1074 1113 1198 1196 Signum
1218 1114 1330 1175 Azours
1350 1113 1387 1173 de
1405 1113 1558 1173 Fontanas.
1575 1113 1699 1193 Signum

499 1219 692 1279 Enusurnrnr
715 1217 751 1278 da
772 1216 840 1276 Bisi.
863 1215 989 1298 Signum
1010 1215 1208 1286 Gorrsnsrnr,
1229 1217 1341 1298 nepotis
1364 1213 1553 1276 Ermfflsredi.
1575 1215 1700 1295 Signum

495 1319 643 1381 Tuuonnr.
655 1320 779 1408 Signum
791 1319 954 1381 Wrnnnnut.
969 1320 1094 1400 Signum
1108 1318 1259 1388 Osnnrnr,
1273 1317 1325 1378 filii
1336 1321 1408 1403 ejus.
1425 1317 1551 1401 Signum
1561 1318 1701 1386 liranum,

497 1423 655 1486 senescalli.

936 1741 1057 1814 xm.

342 1974 561 2055 Osmundus
583 1973 629 2049 de
654 1975 782 2081 Longa
809 1971 923 2062 Villa,
945 1990 1195 2087 cognomento
1220 1975 1357 2065 Bestia,
1383 1975 1538 2052 tradidit
1559 1976 1700 2052 Sanctae

285 2103 478 2182 Trinitatis
506 2103 788 2212 Rotomagensis
818 2101 1010 2203 monachis
1038 2121 1113 2179 tres
1148 2132 1334 2210 arpennos
1360 2103 1475 2181 vineae
1500 2085 1551 2180 in·
1568 2107 1699 2183 eadem

286 2237 413 2338 Longa
432 2232 541 2324 Vitta,
558 2262 625 2338 pro
645 2233 908 2340 redemptione
926 2233 1057 2311 aninaae
1073 2264 1147 2311 suae
1164 2264 1204 2311 ac
1218 2251 1416 2339 parentum
1432 2263 1599 2323 suorum,
1617 2264 1701 2340 per-

284 2346 485 2469 petualiter
505 2364 770 2471 possidendam
801 2377 886 2469 post
910 2361 1056 2441 obitum
1087 2394 1215 2450 suum,
1239 2365 1269 2442 si
1295 2365 1440 2473 prolem
1462 2394 1505 2442 ex
1534 2365 1698 2473 legitima

284 2493 444 2570 muliere
465 2522 542 2571 non
561 2494 728 2571 haberet.
753 2493 793 2570 Si
813 2521 900 2569 vero
923 2492 1098 2584 haberet,
1123 2494 1363 2594 medietatem
1385 2492 1441 2570 illi
1462 2495 1643 2571 concessit
1663 2513 1700 2570 et

284 2623 540 2730 suprascriptis
560 2604 752 2701 monachis
772 2622 943 2712 alteram,
959 2623 1064 2729 signo
1082 2624 1202 2701 crucis
1214 2625 1310 2701 hanc
1325 2623 1568 2710 donationem
1585 2653 1699 2730 super

284 2752 399 2827 altare
421 2753 647 2831 confirmans
667 2780 791 2830 coram
810 2751 981 2831 testibus.
1206 2745 1209 2752 ’

450 2973 574 3055 Signum
589 2974 681 3056 ipsius
696 2973 847 3035 Osuuum.
864 2972 989 3054 Signum
1006 2973 1161 3043 Osunanr.
1179 2973 1233 3034 filii
1246 2972 1395 3034 willelmi.
1410 2974 1535 3055 Signum
1548 2976 1697 3046 Rononrr,

492 3075 586 3135 fratris
609 3075 832 3157 ejusSignum
856 3074 1047 3143 Grsnsnnnrn
1070 3075 1123 3136 filii
1144 3076 1277 3158 Hugonis
1302 3075 1340 3138 de
1353 3075 1552 3138 Flammvilla.
1573 3076 1699 3160 Signum

494 3176 646 3243 Rodum,
668 3177 722 3238 liiii
744 3177 892 3239 Hermeris
910 3177 1034 3260 ffignum
1052 3178 1231 3248 W'rruusnr,
1253 3180 1365 3239 sutoris.
1393 3177 1517 3260 Signum
1547 3179 1697 3240 Hsunnnrr

493 3279 530 3338 de'
551 3279 682 3341 Anseimi
700 3279 782 3342 Villa.

936 3639 1045 3713 xlv.

339 3865 403 3942 Vir
416 3866 568 3970 quidam
586 3868 632 3944 de
647 3866 902 3958 Vernoinello‚'
914 3867 1102 3969 uocabulo
1117 3867 1374 3955 (audefredus,
1392 3866 1516 3946 officio
1535 3897 1694 3975 coquus,

282 4013 319 4070 et
340 4023 434 4070 uxor
453 3994 549 4097 ejus,
568 3994 723 4080 nomine
740 3996 877 4085 Lisoia,
896 4025 965 4103 pro
984 4025 1156 4077 concessa
1174 3997 1247 4078 sibi
1258 3998 1438 4088 societate
1454 4025 1599 4104 proque
1618 3998 1698 4073 ani·

282 4152 430 4200 marum
445 4153 596 4202 suarum
607 4124 739 4216 salute,
754 4125 944 4204 dederunt
953 4126 1027 4207 loci
1038 4129 1180 4207 Sanctae
1190 4128 1384 4223 Trinitatis
1391 4127 1567 4206 fratribus
1576 4155 1695 4204 unum

281 4283 490 4359 arpennum
512 4256 643 4346 vineae,
665 4283 709 4332 co
728 4273 878 4348 tenore,
897 4274 942 4334 ut
964 4258 1122 4367 singulis
1142 4258 1248 4337 aunis
1263 4258 1332 4363 ipsi
1349 4257 1494 4335 vineam
1510 4286 1614 4336 suam
1637 4287 1698 4334 co·

281 4383 376 4471 iant,
395 4384 463 4466 sed
482 4403 725 4490 exproventu
744 4386 825 4494 ejus
844 4415 965 4465 unum
983 4388 1159 4475 modium
1175 4366 1253 4463 ⁴viui
1271 4387 1350 4493 jam
1374 4387 1463 4465 dicti
1481 4387 1613 4466 iratres
1633 4390 1698 4465 ba·

280 4512 411 4603 beant3
428 4531 513 4619 post
527 4532 690 4593 mortem
705 4533 830 4593 autem
845 4516 958 4595 unius
966 4544 1115 4610 eorum,
1129 4517 1301 4625 ejusdcm
1311 4517 1430 4597 ,vineae
1441 4519 1693 4605 medictatem,

281 4660 364 4745 post
388 4662 636 4753 utrorumque
650 4673 756 4731 -vero
767 4645 987 4728 'obitum-ex
1009 4649 1305 4756 integrototam.
1328 4648 1448 4756 Hujus
1464 4649 1694 4735 donationis,

280 4802 392 4878 quam
418 4776 581 4881 propriis
605 4776 777 4853 manibus
791 4795 913 4883 -super‘
931 4778 1056 4857 aitare-
1069 4779 1239 4887 ejusdem
1261 4779 1401 4857 Sanctae
1421 4778 1612 4858 Trinitatis
1629 4804 1697 4882 po-
