4478 5842
593 497 723 571 rans·
747 494 917 567 rama.
936 534 985 547 --
1001 497 1234 589 roeorm
1254 522 1376 611 ug„

306 640 470 743 giorum,
497 665 619 743 neque
646 637 686 710 in
711 633 871 713 factione
897 630 1052 709 aliarum
1071 633 1267 735 mg
1281 664 1343 739 “A
1363 702 1469 775 m

307 767 418 874 hujup
441 766 601 845 coenobii
622 766 795 843 utilitate.
818 762 947 841 Nescio
968 789 1015 837 an
1035 788 1112 838 non
1136 774 1335 867 pompm
1351 746 1509 883 wmu‘
1550 750 1567 775 ¹
1613 802 1622 817 ,

306 894 401 975 forte
432 897 478 974 ab
511 898 578 975 illo
608 896 792 1003 adquisita
820 891 1104 998 precedentium
1129 911 1335 981 nostram„¹
1366 944 1432 993 W
1464 876 1575 1023 Q*
1634 912 1637 917 .

304 1024 434 1131 glecta.
1625 1020 1638 1037 .

920 1278 1112 1379 xxxva

335 1461 372 1498 nr
394 1460 567 1504 successore
588 1463 744 1511 urrunnu,
767 1459 926 1537 uaanpano
942 1459 1059 1501 nauare
1083 1439 1138 1519 [rr
1154 1456 1200 1498 na
1224 1456 1523 1509 succlamamus
1560 1486 1658 1533 ,mu

560 1565 637 1607 rum
658 1566 737 1614 mus,
759 1564 796 1604 er
815 1528 981 1625 rirvrnmto
1001 1561 1081 1613 ouon
1104 1559 1253 1603 ooucmsrr
1276 1559 1347 1600 unm
1372 1545 1468 1621 moal.

360 1743 553 1838 Dadberto
568 1787 719 1866 quoque
727 1760 807 1866 jam
821 1736 922 1834 dicto
935 1786 955 1832 a
967 1757 1095 1834 seculo
1108 1757 1307 1863 migrante,
1331 1756 1544 1834 Hardradus
1556 1765 1592 1837 iu
1608 1780 1694 1859 ata„

306 1889 355 1964 tia
367 1890 558 1982 successit,
572 1889 627 1967 vir
641 1889 797 1996 insignis
809 1888 848 1964 in
867 1887 1081 2001 extollenda
1096 1887 1312 1965 monasterii
1328 1887 1384 1963 sui
1403 1887 1593 1996 dignitate.
1609 1895 1716 2005 ξιιμ

304 2015 413 2092 labor
435 2034 473 2092 et
494 2018 677 2094 industria
698 2017 816 2093 enitet
840 2017 880 2093 in
900 2016 1027 2107 lrartis,
1054 2045 1136 2122 quae
1150 2016 1331 2095 hactenus
1354 2014 1424 2091 sub
1449 2014 1528 2121 ejus
1543 2019 1642 2121 apud
1657 2051 1723 2105 noa

306 2163 572 2223 conservantur
593 2147 787 2224 memoria.
803 2148 897 2222 Nam
916 2174 1019 2236 cum,
1043 2146 1251 2225 decedente
1269 2136 1414 2251 prelato
1440 2173 1528 2255 rege
1550 2145 1723 2251 Pippino,

306 2274 474 2367 Karolus,
488 2276 590 2353 filius
603 2278 693 2385 ejus,
711 2276 767 2353 illi
782 2278 1011 2353 Francorum
1022 2274 1288 2393 gloriosissime
1301 2275 1536 2353 successisset
1545 2275 1584 2349 in
1597 2303 1726 2382 regno,

307 2430 405 2480 anno
427 2405 625 2483 dominicae
651 2407 916 2484 incarnationis
936 2431 1146 2497 noceatur,
1170 2404 1338 2511 prefatus
1356 2405 1470 2482 abbas
1487 2405 1565 2511 jam
1587 2403 1728 2481 dictum

306 2532 435 2611 adiens
451 2563 580 2643 regem
595 2535 787 2625 Karolum,
809 2537 950 2645 rogavit
968 2537 1047 2613 haec
1066 2535 1113 2611 ab
1133 2534 1201 2611 illo
1223 2536 1324 2643 regia
1337 2534 1557 2611 auctoritate
1573 2533 1726 2623 firmari,

305 2691 386 2767 quae
402 2683 655 2743 antecessores
675 2667 731 2741 sui
749 2663 937 2772 regalibus
954 2661 1157 2772 privilegiis
1175 2690 1277 2740 sacro
1293 2663 1381 2739 huic
1402 2661 1485 2739 loco
1500 2661 1567 2738 visi
1582 2659 1730 2738 fuerant

305 2794 550 2870 condonasse.
584 2793 698 2888 Quod
731 2792 850 2869 isdem
885 2792 1218 2870 excellentissimus
1243 2820 1308 2869 rex
1337 2819 1472 2899 magna
1495 2790 1727 2909 benignitate

305 2918 576 3028 complectens,
603 2921 735 3001 devote
759 2922 975 3027 complevit,
1002 2939 1046 2999 ut
1067 2922 1107 2999 id
1126 2922 1248 3029 ipsum
1277 2920 1402 3032 pegale
1425 2921 1726 3012 firmamentum,

306 3077 391 3124 cum
411 3049 523 3157 sigilli
539 3051 619 3161 ejus
641 3053 899 3157 impressione,
922 3051 1032 3130 nobis
1055 3053 1235 3132 hactenus
1255 3051 1305 3130 ita
1325 3050 1509 3158 patefacit.

906 3347 1123 3422 XXXVII.

692 3522 697 3529 '
754 3529 908 3570 ausuram
931 3530 1063 3573 musaeu
1086 3510 1276 3572 rammam.
1353 3512 1355 3517 '

362 3723 561 3814 «Karolus,
578 3722 650 3824 Dei
665 3725 794 3832 gratia,
806 3754 871 3802 rex
884 3726 1129 3819 Francorum,
1146 3726 1202 3803 vir
1216 3724 1373 3804 illuster.
1391 3723 1431 3801 Si
1449 3721 1544 3801 sacta
1557 3740 1728 3801 anteces-

305 3878 433 3927 sorum
458 3869 674 3931 nostrorum
699 3883 831 3963 regum
858 3854 961 3958 quod
987 3859 1035 3933 ad
1063 3856 1144 3935 loca
1163 3873 1377 3934 sanctorum
1401 3855 1647 3959 prestiterunt
1667 3854 1728 3933 vel

305 3999 588 4072 concesserunt,
609 4009 677 4088 per
703 4000 831 4059 nostra
852 3984 1002 4061 oracula
1026 3986 1309 4075 confirmamus,
1331 3981 1432 4090 regia
1452 3985 1727 4073 consuetudine

306 4136 540 4199 exercemus,
566 4127 603 4185 et
622 4109 732 4189 nobis
751 4112 799 4186 ad
814 4109 967 4189 laudem
984 4112 1043 4191 vel
1058 4112 1300 4204 stabilitatem
1315 4113 1422 4221 regni
1444 4117 1582 4205 nostri,
1602 4116 1642 4191 in
1654 4114 1728 4192 Dei

305 4239 470 4327 nomine,
491 4239 680 4343 pertinere
696 4241 933 4321 confidimus.
951 4223 1610 4363 lgitur‘venerabilisvirllardradus,
1628 4245 1729 4337 abba

306 4366 353 4444 de
369 4369 598 4446 monasterio
615 4369 757 4462 Sithiu,
775 4371 839 4476 qui
855 4372 964 4449 estin
983 4401 1079 4483 pago
1095 4376 1354 4462 Tarnanense,
1373 4373 1412 4450 in
1430 4374 1577 4453 honore
1593 4392 1757 4453 sancte·

305 4499 445 4591 Mariae,
460 4500 649 4606 genitricis
664 4500 820 4578 Domini
836 4503 955 4581 nostri
968 4504 1084 4597 lhesu
1097 4504 1253 4595 Christi,
1269 4531 1419 4584 necnon
1441 4522 1479 4584 et
1493 4505 1610 4585 sancti
1627 4505 1728 4584 Patri

306 4644 344 4703 et
357 4627 461 4704 Pauli
477 4629 744 4735 apostolorum,
760 4628 819 4709 vel
834 4649 1046 4715 ceteromm
1060 4635 1288 4757 domnorum
1306 4653 1522 4727 sanctorum
1537 4652 1730 4724 comune,-

349 4811 357 4842 ¹
379 4812 477 4875 Edidit
490 4815 600 4878 llabill.
621 4816 705 4878 Deis
721 4814 831 4898 diplom
845 4836 910 4900 pag.
929 4818 1000 4881 610.
1133 4818 1140 4833 '

1540 4922 1747 5012 θα.
