4478 5842
287 503 358 575 552
624 499 1041 574 CHARTULARIUM
1076 497 1358 571 SlTHlENSE.

282 642 388 748 quod
408 640 518 718 liberi
543 669 676 719 sumus
696 670 716 716 a
735 639 914 718 theloneo
938 641 1043 746 apud·
1058 639 1224 728 Gisnis¹;
1247 655 1284 715 et
1305 637 1376 714 alia
1392 636 1502 743 plura
1518 637 1559 714 in
1578 653 1703 714 nostra
1734 728 1741 751 ἶ

283 773 510 852 thesauraria
531 786 754 848 conservata.
1211 855 1216 862 ,
1686 784 1691 793 ·
1732 730 1756 817 l

955 992 1028 1064 Xl.

642 1191 678 1230 DE
701 1189 802 1232 DOMNO
823 1189 1016 1239 Gonmcamo,
1041 1191 1151 1232 anneta
1174 1156 1360 1234 HUJUS'IAECI.

341 1374 579 1459 Mortuo,'ut
597 1368 822 1475 premissum
839 1383 910 1456 est,
932 1369 1058 1446 Leone
1078 1367 1229 1461 abbate,
1248 1369 1455 1461 Arnoldus,
1477 1369 1706 1473 abbasAllliff
1746 1439 1752 1448 .

176 1536 184 1553 ·
284 1503 407 1609 gensis
436 1502 477 1576 in
505 1497 722 1586 Brabantia,
754 1496 815 1571 hic
843 1496 1079 1573 concorditer
1109 1497 1279 1603 eligitur,
1310 1500 1376 1577 sed
1402 1531 1422 1576 a
1446 1502 1704 1580 Cameracensi

285 1633 458 1736 episcopo
486 1626 673 1734 adquod
698 1625 820 1703 luerat
847 1625 987 1702 electus
1013 1627 1139 1703 venire
1164 1655 1242 1704 non
1274 1629 1519 1736 permittitur.
1548 1630 1707 1710 Reditur

283 1764 410 1867 itaque
432 1761 482 1836 ad
504 1757 749 1846 electionem
767 1772 805 1831 et
825 1782 892 1859 per
911 1783 1056 1831 moram
1077 1771 1231 1833 attracto
1248 1757 1433 1862 periculo,
1455 1775 1538 1835 vota
1556 1776 1707 1854 nostro-

283 1921 368 1968 rum
388 1892 428 1965 in
449 1889 590 1965 diversa
610 1900 853 1992 sparguntur,
876 1884 942 1961 sed
970 1886 1094 1962 sanior
1115 1915 1199 1992 pars
1221 1886 1261 1962 in
1284 1887 1456 1964 abbatem
1477 1889 1704 1971 Hamensem

284 2018 554 2098 Godescalcum
585 1992 835 2104 consentitur,
865 2014 1131 2091 incarnationis
1162 2015 1351 2093 dominice
1380 2043 1480 2093 anno
1509 2031 1549 2093 n⁰
1581 2032 1616 2094 οο
1647 2034 1706 2109 κο

284 2150 407 2227 tertio.
426 2147 519 2242 Qui,
540 2177 560 2223 a
575 2173 694 2251 puero
715 2144 776 2221 hic
796 2171 977 2220 monacus
993 2143 1166 2233 effectus,
1184 2145 1224 2220 in
1240 2147 1347 2222 annis
1358 2145 1592 2252 juvenilibus
1607 2149 1706 2255 apud

285 2281 503 2358 Alchiacum
533 2277 687 2354 nomine
722 2290 760 2351 et
788 2272 906 2351 offitio
937 2274 1041 2380 prior
1072 2275 1208 2366 extitit,
1236 2293 1274 2352 et
1298 2293 1447 2382 postea,
1479 2277 1528 2353 ad
1556 2305 1626 2355 nos
1646 2308 1707 2356 re-

284 2439 428 2500 versus,
449 2405 703 2485 ministerium
718 2402 915 2509 hospitarii
931 2403 1211 2496 administrans,
1233 2403 1273 2480 in
1288 2403 1462 2483 abbatem
1479 2408 1706 2486 Hamensem
1822 2477 1831 2505 ,

285 2539 407 2642 luerat
432 2538 590 2626 electus,
616 2562 764 2640 semper
783 2551 822 2610 et
842 2531 985 2638 ubique
1009 2550 1121 2627 caste,
1143 2534 1340 2610 humiliter
1362 2551 1400 2611 et
1418 2535 1590 2642 religiose
1615 2564 1706 2613 con-

283 2687 458 2747 versatus.
480 2670 637 2754 Verum,
661 2665 749 2772 quia
774 2691 862 2770 sepe
885 2663 1070 2771 contingit
1088 2664 1194 2770 quod
1217 2664 1326 2740 amici
1346 2666 1415 2742 Dei
1438 2665 1706 2772 hujusmundi

285 2799 427 2874 inimici
442 2814 548 2887 sunt,
565 2824 641 2872 non
658 2811 736 2869 erat
750 2795 789 2869 in
805 2792 924 2873 oculis
940 2792 1106 2870 filiorum
1124 2794 1325 2871 hominum
1341 2795 1541 2901 gratiosus,
1558 2822 1707 2900 semper

284 2954 508 3030 permanens
521 2926 560 3001 in
575 2923 767 3028 proposito
780 2922 983 2999 severitatis
996 2922 1156 3029 rigidus,
1171 2924 1267 3000 etad
1281 2925 1468 3001 humanos
1480 2922 1622 3001 favores
1635 2922 1706 3001 sibi

286 3054 540 3131 conciliandos
555 3053 654 3128 flecti
673 3051 831 3128 nescius.
860 3051 952 3127 Inde
969 3069 1048 3129 erat
1067 3052 1170 3160 quod
1187 3053 1313 3130 comiti
1331 3071 1369 3131 et
1387 3052 1617 3131 scculmibus
1632 3054 1707 3131 dis·

286 3180 462 3289 plicabat,
488 3199 526 3258 et
545 3180 676 3269 etiarn,
703 3180 806 3256 unde
828 3179 916 3285 plus
941 3181 996 3256 vir
1015 3160 1139 3258 Deum
1165 3184 1303 3260 timens
1324 3183 1542 3291 angebatur,
1564 3184 1707 3262 intesti-
1749 3244 1752 3253 .

287 3342 397 3404 num,
419 3311 537 3389 immo
557 3308 776 3417 parricidale
804 3339 824 3384 a
850 3305 939 3387 filiis
964 3328 1092 3387 contra
1113 3339 1202 3388 eum
1224 3312 1426 3390 discidium
1447 3313 1703 3405 suscitabatur,

287 3459 330 3518 ut
349 3443 474 3520 dicere
492 3459 619 3548 posset
633 3439 736 3517 intus
750 3467 895 3547 pugne,
911 3438 1003 3517 fon's
1020 3441 1187 3520 timores.

926 3708 1043 3805 'x11.

352 3933 498 3986 Quantus
520 3930 590 3974 FUIT
612 3931 643 3972 tu
665 3928 800 3971 eonclnro
821 3927 999 3980 runonttttm,
1023 3931 1059 3972 tt·
1080 3931 1118 3972 1>ss
1140 3929 1315 3973 etttvlttcns
1338 3931 1374 3972 tn
1396 3930 1432 3973 tto
1453 3906 1636 3975 turmam.

57 4135 254 4205 t9mai.1163.
340 4113 466 4188 Primo
487 4108 680 4219 regiminis
699 4109 758 4184 sui
775 4136 893 4198 anno,
916 4106 1075 4185 concilio
1092 4111 1275 4197 Turonis,
1300 4139 1319 4185 a
1335 4109 1477 4187 domno
1495 4110 1706 4188 Alexandro

285 4243 397 4320 tertio
416 4270 510 4348 papa
527 4221 732 4324 celebrato,
754 4237 942 4330 interfuit;
962 4237 1029 4314 ubi
1044 4239 1203 4318 honeste
1220 4257 1473 4331 conversatus,
1492 4258 1530 4318 et
1547 4241 1643 4317 circa
1664 4268 1707 4319 ea

285 4399 360 4477 que
380 4398 488 4475 agere
508 4363 728 4446 intendebat
747 4369 835 4446 satis
854 4367 1054 4461 sollicitus,
1079 4370 1126 4446 ad
1147 4399 1216 4449 nos
1234 4400 1319 4450 cum
1341 4369 1544 4478 privilegiis
1563 4388 1601 4448 et
1616 4399 1706 4448 con-

286 4496 562 4576 firmationibus
580 4513 618 4573 et
629 4497 764 4574 litteris
782 4496 994 4605 apostolicis
1015 4499 1222 4579 honorifice
1244 4519 1301 4580 est
1311 4528 1492 4579 reversus.
1510 4502 1611 4578 Inter
1629 4529 1707 4607 que

327 4699 335 4729 ¹
358 4699 467 4762 Eadem
485 4696 555 4757 sorte
575 4696 745 4758 immunitas
765 4699 882 4782 vulgata
897 4701 933 4761 in
945 4699 1020 4760 libro
1032 4702 1081 4763 cui
1099 4700 1219 4763 titulus:
1236 4703 1310 4764 Hire.
1328 4652 1420 4789 pdutr.
1444 4704 1477 4766 de
1500 4705 1527 4764 la
1551 4706 1652 4765 menon
1670 4701 1703 4762 de

286 4807 400 4870 Guiues,
420 4823 463 4884 pr.
486 4822 514 4882 p.
536 4799 586 4883 94.
