4478 5842
494 497 1611 585 arnusremla-communionesslMON1S.
1699 494 1771 566 567

359 643 405 720 de
421 639 563 717 recenti
576 638 882 730 reconfirmasse‚·
896 652 933 715 et
944 665 1003 726 ee,
1020 655 1134 744 prout
1147 639 1335 716 Dominus
1350 639 1513 729 dederit,
1532 641 1605 716 vita
1621 639 1771 726 comite,

355 769 451 847 velle
466 769 591 847 modis
608 767 787 846 omnibus
803 765 1036 845 confirmare.
1056 767 1183 859 Unde,
1202 769 1381 874 quoniam
1401 768 1663 850 ministeriales
1687 768 1773 844 ville

357 901 405 978 de
422 900 692 1007 Popringbem,
712 927 825 1004 quam
848 897 1001 975 ecclesia
1018 899 1134 976 sancti
1152 899 1293 991 Bertini
1312 899 1466 1006 antiquo
1478 902 1564 1007 jure
1582 898 1773 1005 possidere
1852 920 1854 924 “

357 1032 578 1121 dinoscitur,
605 1028 744 1106 multas
771 1045 819 1139 et·
835 1055 987 1136 magnas
1014 1027 1219 1135 injusticias
1245 1030 1370 1134 sepius
1388 1029 1426 1105 in
1453 1031 1531 1109 suis
1558 1029 1775 1106 ministeriis

356 1163 515 1254 faciunt,
536 1161 712 1238 homines
733 1159 977 1264 depredando
994 1175 1122 1236 contra
1139 1160 1372 1237 voluntatem
1389 1161 1579 1252 monachi,
1602 1190 1775 1268 procura-

241 1392 245 1397 η
358 1293 502 1370 tionem
520 1291 608 1369 ville
625 1288 817 1380 habentis,
838 1306 876 1366 et
893 1290 973 1366 sine
986 1288 1132 1396 judicio
1152 1289 1391 1368 scabinorum
1413 1309 1556 1369 coactas
1572 1292 1773 1397 petitiones

356 1424 549 1512 faciendo,
570 1440 608 1501 et
625 1420 842 1529 plusquam
861 1419 1050 1496 decimum
1069 1447 1271 1496 nummum
1293 1421 1340 1498 de
1358 1420 1520 1526 placitis,
1543 1449 1616 1527 que
1636 1423 1684 1498 ad
1706 1423 1772 1500 ab·

354 1554 480 1631 batem
502 1554 713 1661 pertinent,
744 1550 899 1628 ecclesie
922 1549 1107 1627 violenter
1128 1550 1357 1638 auferendo,
1376 1570 1493 1628 ratam
1515 1570 1553 1630 et
1576 1553 1772 1631 inconvul-

355 1712 434 1762 sam
460 1685 711 1763 decernimus.
732 1681 1032 1761 Conventionem
1054 1680 1148 1758 olim
1166 1682 1264 1759 iuter
1281 1683 1524 1761 Lambertum
1543 1683 1715 1762 abbatem
1736 1704 1774 1762 et

354 1816 596 1893 lambertum
621 1812 906 1891 ministerialem
932 1811 979 1888 de
1001 1813 1298 1921 Poperingbem‚
1316 1831 1412 1892 teste
1441 1815 1626 1922 capitulo,
1649 1845 1773 1895 coram

354 1947 509 2024 ecclesie
523 1944 760 2030 bominibus,
778 1958 875 2019 carta
893 1959 931 2018 et
947 1941 1071 2047 sigillo
1086 1943 1204 2019 sancti
1220 1944 1362 2021 Bertini
1381 1945 1655 2038 confirmatam
1675 1977 1774 2024 eam·

354 2080 518 2184 demque
544 2078 667 2184 legem
689 2075 736 2152 de
761 2072 895 2151 ceteris
918 2072 1226 2151 ministerialibus
1249 2073 1404 2151 ecclesie
1426 2073 1630 2152 tenendam
1648 2096 1775 2156 aucto-

351 2209 533 2300 risamus,
560 2227 605 2286 ut
628 2206 769 2284 scilicet
792 2204 921 2282 nullus
947 2232 1079 2282 eorum
1103 2204 1163 2282 vel
1185 2233 1254 2312 per
1278 2206 1543 2283 hereditariam
1571 2211 1774 2287 successio·

352 2369 458 2431 nem,
476 2339 534 2417 vel
552 2341 591 2416 in
608 2339 763 2416 feodum
779 2335 914 2414 babeat
930 2364 1042 2414 suum
1062 2335 1331 2430 ministerium,
1351 2365 1421 2414 nec
1435 2337 1509 2416 alio
1526 2339 1643 2416 modo
1659 2368 1772 2447 quam
1899 2399 1904 2412 .

350 2472 474 2550 abbati
500 2470 558 2549 vel
585 2470 739 2548 ecclesie
765 2468 853 2545 dare
880 2466 1071 2572 placuerit.
1099 2467 1146 2543 Et
1166 2468 1419 2547 ministerialis
1446 2469 1493 2544 de
1517 2471 1769 2580 Popringbem

353 2601 542 2678 decimum
560 2628 759 2676 nummum
776 2614 945 2690 tantum,
969 2595 1178 2674 secundum
1199 2596 1378 2702 prefatam
1396 2600 1702 2691 conventionem,
1723 2602 1770 2677 de

355 2730 499 2837 placitis
514 2732 599 2838 jure
618 2756 686 2808 suo
704 2728 867 2835 accipiat.
887 2726 1007 2833 Hujus
1024 2725 1320 2804 confirmationis
1337 2745 1452 2811 testes
1468 2729 1667 2837 subscripti
1685 2735 1771 2809 ade·

351 2879 434 2938 rant
455 2878 672 2967 presentes:

540 3024 759 3093 «Desrosmos,
778 3023 933 3104 episcopus
954 3020 1162 3081 Tuuaneusis.
1182 3021 1362 3092 Rosrurus.
1391 3022 1477 3085 frater
1497 3027 1579 3108 ejus,
1606 3033 1769 3111 prepositus

582 3127 747 3187 lnsulauus.
767 3123 929 3187 Genauoos
948 3144 986 3184 or
1007 3122 1163 3186 Moerum.
1190 3125 1376 3188 ll'rrcsruos
1398 3146 1436 3186 or
1462 3125 1622 3200 Musones.
1641 3137 1769 3195 noterius

580 3233 703 3295 comitis.
737 3232 917 3299 Euenum,
945 3229 1131 3292 merarius
1167 3228 1324 3298 boronus,
1357 3230 1532 3293 castellanus
1564 3229 1767 3299 Co'ruocensis.

579 3334 748 3396 Wacrrrus
768 3354 805 3393 oe
822 3333 941 3394 Locum.

406 3497 567 3576 «Actum
585 3513 640 3574 est
657 3496 730 3572 hoc
748 3492 853 3580 Arie,
872 3518 971 3568 anno
989 3505 1030 3568 u⁰
1048 3506 1082 3566 o⁰
1102 3497 1273 3567 nxxrxffi.»

1014 3780 1103 3854 Lll.

348 3968 420 4008 tutu
444 3966 538 4010 cons
560 3967 723 4014 nannius.
752 3966 789 4005 D!
810 3963 944 4014 Qucum
970 3925 1069 4004 solum
1098 3960 1185 4003 tum
1206 3963 1339 4006 ansermi
1361 3963 1514 4008 Bttttnttmt
1537 3966 1572 4006 ΕΤ
1598 3968 1764 4012 wentenum

712 4069 750 4108 Μ
772 4066 948 4107 reuulsae!
969 4065 1059 4107 SUPER
1083 4065 1195 4106 estnon
1218 4066 1256 4105 D!
1280 4067 1403 4107 BONBLA.

842 4238 939 4278 fflws
958 4238 1167 4278 rtotrtcarloms
1184 4240 1266 4277 ratis.

367 4440 372 4451 ·
403 4437 416 4468 ι
430 4401 471 4476 ln
493 4398 646 4475 nomine
666 4395 783 4474 Patris
799 4411 837 4473 et
850 4392 937 4470 Filii
953 4410 991 4470 et
1003 4393 1165 4501 Spiritus
1181 4393 1319 4471 Sancti.
1336 4394 1413 4501 Ego
1428 4394 1638 4502 Philippus,
1656 4400 1684 4475 1⁴*
1686 4397 1765 4476 lan-

347 4528 427 4605 ‹lrie
444 4546 483 4606 et
500 4527 742 4609 Viromandie
762 4553 904 4613 comes,
922 4540 1057 4602 notum
1070 4523 1165 4601 lucio
1180 4524 1418 4632 presentibus
1434 4541 1472 4602 et
1490 4525 1643 4620 suturis,
1660 4528 1778 4638 quod'

347 4657 612 4749 controversia,
628 4684 701 4763 que
714 4654 813 4732 inter
825 4654 1019 4733 ecclesiam
1039 4653 1156 4732 sancti
1174 4653 1317 4732 Bertini
1329 4671 1367 4731 et
1377 4655 1588 4735 Walterum
1605 4660 1651 4736 de
1666 4663 1761 4740 For-

344 4788 493 4879 misela‚
518 4790 564 4867 de
586 4787 722 4894 palude
745 4788 791 4864 de
808 4785 946 4865 Honlle
962 4803 1041 4864 orta
1058 4802 1129 4876 est,
1149 4785 1188 4862 in
1205 4786 1306 4864 hunc
1320 4785 1495 4878 modum,
1512 4787 1551 4863 in
1568 4793 1757 4893 presentia

1850 4427 1930 4482 1186.
