4478 5842
559 490 681 562 PARS
706 489 950 564 SECUNDA.
971 530 1017 542 -
1035 487 1247 562 SlMONlS
1269 487 1363 558 ΗΒ.
1389 488 1458 558 111.
1655 488 1729 559 ets

967 773 1066 844 ΧΗ.

334 948 489 1015 exustum
513 974 592 1016 tucn
615 974 738 1016 suevum
763 974 851 1022 ΡΑΡΕ,
876 973 913 1013 ΒΕ
936 972 1030 1013 EUJUS
1053 972 1185 1013 ECCLESIE
1207 971 1307 1013 SANGTI
1331 972 1448 1012 sessum}
1474 973 1644 1021 sisennas,
1669 974 1703 1012 ΕΤ

445 1076 617 1128 Quruusm
639 1074 870 1119 POSSESSIONEM
890 1072 950 1125 QU!
971 1072 1082 1116 DESUM'
1103 1074 1133 1114 tlt
1156 1074 1374 1116 subsistentem
1397 1073 1581 1117 Purvltsttus.

364 1265 542 1352 uLucius,
553 1232 761 1369 episcopus,
770 1291 899 1341 servus
908 1261 1192 1353 servorumDei,
1207 1260 1448 1338 dilectisfiliis
1458 1264 1590 1354 Leoni,
1603 1263 1727 1341 abbati
1758 1289 1770 1321 ²
1804 1270 1856 1321 ¹¹¹³
1883 1291 1909 1323 ¹¹

306 1392 424 1470 sancti
438 1394 600 1482 Bertini,
623 1396 779 1502 ejusque
796 1392 972 1487 fratribus
986 1410 1064 1469 tam
1079 1392 1318 1498 presentibus
1333 1421 1446 1498 quam
1462 1390 1601 1471 laturis
1618 1424 1727 1504 regu-

306 1521 435 1600 lariter
448 1525 722 1603 substituendis
737 1524 776 1599 in
788 1542 1030 1630 perpetuum.
1048 1523 1107 1600 Ad
1117 1525 1192 1600 hoc
1207 1551 1294 1608 nos,
1306 1522 1532 1629 disponente
1546 1525 1726 1616 Domino,

305 1657 345 1732 in
362 1654 565 1759 apostolice
581 1653 681 1730 sedis
694 1653 887 1730 servitium
901 1630 1297 1761 promotosugnoscim
1303 1680 1362 1743 us,
1380 1670 1424 1730 ut
1438 1654 1520 1760 ejus
1534 1652 1622 1732 liliis
1634 1658 1729 1731 auxi·

305 1785 400 1863 lium
425 1783 716 1889 implorantibus
740 1782 938 1861 efficaciter
957 1783 1171 1873 subvenire,
1198 1782 1296 1881 etei
1321 1782 1543 1860 obedientes
1566 1787 1664 1862 tueri
1687 1816 1729 1863 ac

304 1934 518 2024 protegere,
535 1932 650 2020 prout
661 1913 851 1990 Dominus
869 1913 1037 2002 dederit,
1055 1912 1273 1989 debeamus.
1291 1914 1400 1989 Unde
1416 1932 1568 2018 oportet
1582 1944 1651 1993 nos
1668 1948 1729 1993 ve·

305 2045 538 2123 nerabilibus
566 2044 659 2120 locis
688 2072 842 2119 manum
870 2044 1115 2149 protectionis
1136 2043 1353 2132 extendere,
1383 2061 1421 2119 et
1444 2073 1635 2121 servorum
1656 2047 1725 2124 Dei

305 2176 424 2282 quieti
440 2176 620 2252 attentius
639 2173 846 2280 providere.
868 2173 1088 2280 Eapropter,
1106 2173 1233 2249 dilecti
1251 2173 1291 2248 in
1306 2173 1472 2251 Domino
1486 2173 1575 2261 filii,
1598 2179 1726 2254 vestris

298 2305 411 2412 justis
426 2301 746 2413 postulationibus
766 2303 974 2381 clementer
990 2305 1209 2393 annuimus,
1233 2321 1271 2379 et
1293 2304 1392 2380 beati
1412 2304 1555 2380 Bertini
1578 2335 1728 2386 monas-

303 2437 461 2527 terium,
484 2438 529 2512 in
557 2464 634 2542 quo
662 2434 791 2512 divino
817 2408 1021 2541 mancipati
1050 2434 1138 2511 estis
1165 2433 1367 2539 obsequio,
1398 2433 1471 2511 sub
1499 2435 1598 2512 beati
1626 2438 1724 2515 Petri

304 2584 342 2645 et
360 2585 489 2645 nostra
503 2567 738 2673 protectione
754 2566 997 2672 suscipimus,
1016 2583 1053 2641 et
1067 2566 1251 2670 presentis
1266 2565 1392 2670 scripti
1411 2563 1603 2674 privilegio
1624 2595 1727 2644 com-

303 2698 519 2785 munimus3
536 2712 742 2773 statuentes
762 2712 807 2772 ut
825 2687 1072 2802 quascunque
1088 2694 1358 2799 possessiones,
1382 2722 1607 2801 quecunque
1625 2695 1726 2775 bona

303 2826 406 2902 idern
422 2826 695 2903 monasterium
709 2825 750 2901 in
763 2827 1037 2930 presentiarum
1048 2826 1151 2931 juste
1167 2843 1204 2900 et
1219 2826 1398 2903 canonice
1410 2825 1594 2933 possidet,
1612 2829 1724 2903 autin

302 2954 491 3045 futurum,
513 2955 754 3034 concessione
777 2956 1016 3062 pontificum,
1041 2956 1238 3064 largitione
1260 2984 1392 3065 regum
1413 2956 1471 3033 vel
1492 2957 1722 3064 principum,

303 3087 496 3165 oblatione
513 3086 689 3164 fidelium
709 3114 776 3164 seu
792 3086 875 3165 aliis
891 3087 1005 3194 justis
1026 3087 1167 3179 modis,
1188 3088 1270 3165 Deo
1289 3087 1469 3192 propitio,
1486 3088 1626 3193 poterit
1645 3090 1725 3167 adi-

301 3219 409 3325 pisci,
436 3217 545 3295 firma
564 3217 669 3296 vobis
694 3198 898 3325 vestrisque
923 3216 1220 3309 successoribus,
1243 3234 1281 3294 et
1300 3215 1443 3296 illibata
1466 3238 1721 3324 pennaneant.

300 3350 342 3425 In
359 3349 498 3454 quibus
513 3350 583 3425 hec
596 3349 757 3455 propriis
774 3349 951 3427 duximus
967 3348 1209 3459 exprimenda
1223 3347 1435 3424 vocabulis:
1451 3349 1492 3423 In
1509 3350 1723 3454 episcopatu

302 3478 553 3567 atrebatensi,
578 3479 693 3555 altare
718 3480 765 3556 de
782 3479 938 3570 Anesin,
959 3479 1074 3555 altare
1092 3479 1139 3554 de
1152 3477 1327 3567 werkin,
1348 3476 1462 3552 altare
1484 3478 1530 3553 de
1546 3479 1662 3567 Barli;
1684 3480 1722 3554 in

301 3608 530 3686 Tornacensi
556 3609 788 3714 episcopatu,
822 3608 936 3685 altare
966 3608 1014 3684 de
1037 3606 1235 3697 Runbelre,
1264 3605 1429 3683 liberum
1455 3636 1475 3682 a
1500 3627 1721 3712 personatu,

301 3739 410 3814 salvis
432 3738 645 3814 redditibus
665 3738 958 3845 episcopalibus3
988 3739 1027 3813 in
1052 3718 1257 3816 Morinensi
1280 3738 1512 3843 episcopatu,
1540 3737 1654 3814 altare
1676 3739 1722 3815 de

301 3869 484 3945 Vuiserna
503 3895 590 3943 oum
607 3867 740 3943 eadem
753 3867 860 3959 villa,
877 3868 1062 3945 decimam
1077 3869 1116 3944 in
1133 3868 1287 3946 ecclesis
1301 3868 1417 3947 sancti
1434 3868 1603 3954 Martini,
1622 3870 1723 3945 deci-

177 4000 184 4015 ’“
301 4024 404 4072 mam
419 3998 522 4103 apud
544 4000 828 4105 Longuenesse,
853 3998 1039 4075 decimam
1061 3999 1164 4104 apud
1183 3977 1361 4075 Sanctum
1384 3999 1599 4085 Micaelem,
1623 4000 1724 4076 deci-

301 4154 401 4203 mam
412 4128 515 4233 apud
524 4127 682 4205 Tillelse.
697 4125 947 4207 Decernimns
959 4156 1050 4236 ergo
1060 4146 1104 4205 ut
1116 4127 1212 4205 nulli
1226 4130 1383 4207 omnino
1398 4128 1600 4205 bominum
1614 4129 1724 4207 liceat

283 4258 486 4364 ‘prefatum
507 4257 777 4337 monasterium
796 4276 940 4337 temere
960 4259 1179 4366 perturbare
1199 4265 1264 4336 aut
1283 4263 1363 4367 ejus
1382 4261 1637 4364 possessiones
1656 4289 1723 4338 au·

300 4388 398 4465 ferre
422 4389 480 4465 vol
507 4389 647 4468 ablatas
673 4390 853 4482 retinere,
881 4392 1071 4483 minuere,
1102 4408 1168 4467 aut
1198 4389 1434 4496 quibuslibet
1463 4392 1722 4470 vexationibus

299 4517 469 4628 fatigare,
487 4520 554 4599 sed
567 4520 696 4598 omnia
711 4521 857 4630 integra
872 4539 1142 4625 conserventur
1159 4548 1303 4613 eorum,
1317 4549 1386 4627 pro
1400 4549 1568 4629 qsromm
1584 4522 1722 4631 guber·

299 4649 454 4728 natione
465 4668 505 4727 et
518 4652 792 4745 sustentatione
804 4680 977 4731 concessa
991 4669 1095 4743 sunt,
1113 4652 1246 4730 ssibus
1256 4626 1491 4731 omnimodis
1507 4653 1719 4758 profutura,

300 4783 396 4858 salva
417 4781 606 4859 diocesani
626 4783 790 4889 episcopi
810 4785 987 4863 canonica
1002 4783 1165 4890 justitia,
1194 4802 1231 4861 et
1251 4783 1452 4890 apostolice
1475 4784 1574 4860 sedis
1593 4803 1722 4860 aucto·
1766 4862 1776 4877 ,
