4478 5842
580 480 708 555 PARS
735 480 981 565 SECUNDA.
999 478 1271 554 2-SIMONIS
1297 481 1391 554 LIB.
1418 485 1466 555 ll.
1658 479 1731 551 259

312 629 383 706 Dei
398 627 531 735 gratia,
549 624 785 702 Morinorum
799 623 1014 728 episcopus,
1039 639 1172 701 notum
1195 621 1276 698 lieri
1299 622 1477 700 volutam
1497 622 1734 728 presentibus

312 786 425 868 quam
451 756 586 834 suturis
610 755 714 861 quod
741 754 934 831 ecclesiam
959 755 1007 830 de
1032 753 1289 844 Guarnestun,
1312 783 1381 858 pro
1404 755 1623 832 remissione
1648 783 1731 860 pcc—

311 908 480 968 catorum
501 915 697 977 meorum,
721 903 758 963 et
776 885 891 991 patris
907 885 982 962 mei
1004 903 1042 963 et
1061 886 1192 961 matris
1212 913 1313 976 mee,
1336 885 1479 960 ibidem
1499 886 1734 991 requiescen-

309 1023 425 1110 tium,
449 1017 605 1096 ecclesic
621 1017 737 1093 sancti
756 1016 899 1092 Bertini
929 1015 1095 1092 concessi
1122 1034 1158 1091 et
1183 1016 1289 1106 dedi,
1325 1017 1502 1121 quatinus
1528 1017 1574 1091 ab
1600 1016 1734 1093 abbate

310 1151 425 1229 sancti
451 1147 594 1226 Bertini
615 1146 779 1237 monaci,
802 1146 866 1252 qui
884 1148 966 1223 Deo
987 1147 1025 1220 in
1047 1144 1214 1251 predicta
1238 1145 1392 1223 ecclesia
1415 1146 1462 1223 de
1482 1147 1730 1236 Wamestun,

309 1282 379 1360 sub
395 1296 572 1387 precepto
587 1276 858 1364 et'obedientia
871 1277 986 1383 ipsius
1003 1276 1184 1365 serviant,
1206 1278 1245 1352 in
1257 1295 1483 1383 perpetuum
1503 1278 1732 1354 constituan-

309 1431 382 1489 tur.
411 1410 471 1489 Ad
497 1410 809 1489 sustentationem
830 1409 946 1484 eciam
967 1409 1124 1484 fratrum
1150 1436 1417 1498 monacorum,
1447 1409 1512 1515 qui
1540 1409 1579 1484 in
1599 1410 1731 1486 eadem

310 1543 464 1620 ecclesia
488 1543 535 1618 de
553 1543 787 1620 Warnestun
807 1540 888 1615 Deo
910 1540 1080 1616 servituri
1101 1556 1205 1629 sunt,
1229 1539 1423 1616 ecclesiam
1441 1540 1489 1616 de
1504 1540 1740 1621 Haveslerlrc.

310 1672 475 1749 concessi
496 1687 534 1748 et
554 1670 655 1747 dedi.
673 1672 855 1775 Utrasque
875 1683 1002 1745 autem
1022 1669 1209 1774 predictas
1225 1670 1417 1759 ecclesias,
1434 1670 1609 1746 videlicet
1623 1671 1732 1747 War-

308 1819 447 1879 nestun
463 1819 501 1877 et
520 1799 765 1888 Haveslrerlre,
787 1799 833 1875 ab
854 1799 958 1875 omni
977 1799 1168 1876 exactione
1186 1817 1223 1875 et
1243 1801 1520 1878 consuetudine
1538 1800 1578 1876 in
1599 1828 1733 1908 perpe·

307 1948 433 2024 tuum,
465 1948 591 2038 preter
611 1929 779 2037 quinque
803 1928 945 2006 solidos
964 1930 992 2005 F
995 1929 1205 2005 landrensis
1229 1948 1404 2021 monete,
1432 1931 1471 2005 in
1497 1934 1730 2039 autumpnali

307 2062 473 2169 synodo,
495 2060 672 2168 episcopo
696 2059 981 2165 persolvendos,
1002 2059 1140 2136 liberas
1165 2088 1245 2136 esse
1265 2060 1528 2149 concedimus3
1557 2081 1596 2140 et
1618 2065 1730 2173 sigilli
1771 2086 1783 2101 ‘

308 2192 427 2270 nostri
450 2191 699 2297 impressione
719 2190 931 2280 firmamus;
954 2207 991 2266 et
1008 2217 1057 2265 ne
1080 2190 1165 2296 quis
1184 2191 1281 2265 hanc
1301 2206 1466 2267 nostram
1485 2189 1730 2271 donationem

308 2337 346 2396 et
365 2321 673 2398 constitutionem
701 2319 904 2428 inlringere
923 2319 981 2396 vel
1003 2319 1195 2397 infirmare
1218 2321 1375 2411 audeat,
1404 2319 1475 2398 sub
1495 2324 1730 2402 anathemate

307 2451 579 2528 interdicimus.

474 2671 622 2751 «Signum
634 2667 794 2735 Jontums,
816 2668 944 2750 episcopi
964 2668 1147 2730 Morinensis.
1170 2669 1295 2752 Signum
1315 2672 1418 2733 domni
1440 2675 1609 2745 Launnsrr,
1630 2676 1733 2738 Novio·

516 2772 626 2832 mensis
641 2782 670 2831 et
687 2769 879 2830 Tornacensis
892 2769 1029 2853 episcopi.
1049 2770 1174 2853 Signum
1195 2774 1360 2843 Hunorum,
1377 2775 1585 2840 archidiaconi.
1608 2779 1732 2862 Signum

515 2872 685 2941 Bnnnannr,
704 2870 846 2931 canonici.
864 2870 989 2952 Signum
1003 2871 1152 2941 Gsuotnt,
1171 2872 1276 2936 clerici.
1294 2876 1418 2959 Signum
1436 2878 1604 2950 Fuicannt,
1620 2881 1733 2944 decani.
1766 2883 1768 2887 ’
1820 2900 1823 2907 ’

516 2976 640 3057 Signum
662 2975 784 3036 Annam
805 2984 835 3034 et
853 2974 989 3035 Nicoma.

362 3214 374 3245 ι
389 3177 523 3253 Actum
538 3190 594 3251 est
607 3175 680 3251 boc
693 3203 792 3252 anno
807 3173 853 3250 ab
869 3173 1125 3252 incarnatione
1137 3175 1294 3254 Domini
1309 3177 1512 3258 millesimo
1524 3187 1728 3263 centesimo

302 3309 448 3385 decimo
468 3335 612 3385 nono.»

914 3579 1113 3654 XXVIII.

301 3821 455 3863 nxnurtan
477 3819 570 3859 Gdli'lss
590 3817 744 3866 JOEANMS,
769 3818 910 3868 nutscort,
935 3820 971 3859 DE
994 3818 1155 3860 nortmania
1178 3816 1264 3859 ltt'rtttt
1288 3820 1484 3870 LAMBBM'UM.
1513 3822 1664 3873 ΑΒΒΔΤΕΜ.
1694 3828 1727 3866 ΕΤ

788 3920 999 3970 tussitat-butt,
1023 3920 1237 3965 CASTELMNUU.

358 4147 370 4178 ι
386 4112 428 4187 ln
439 4107 593 4186 nomine
610 4123 734 4183 sancte
752 4123 790 4182 et
804 4107 998 4182 individue
1014 4108 1220 4187 Trinitatis.
1236 4111 1316 4216 Ego
1329 4111 1534 4206 lohannes,
1554 4115 1628 4193 Dei
1642 4147 1725 4223 gra·
1815 4146 1842 4177 ¹¹

298 4242 365 4332 tia,
393 4241 632 4323 Morinorum
656 4237 870 4345 episcopus,
897 4254 1032 4315 notum
1057 4239 1139 4319 lieri
1166 4241 1252 4318 volo
1278 4244 1514 4348 presentibus
1536 4263 1574 4323 et
1591 4247 1725 4326 futuris
1820 4332 1824 4339 ,

299 4373 438 4451 Christi
461 4369 639 4448 fidelibus
665 4370 769 4476 quod
798 4368 836 4444 in
865 4369 1043 4476 subjectis
1072 4372 1283 4451 declaratur
1309 4373 1465 4480 scriptis.
1489 4376 1587 4455 Cum
1611 4381 1726 4490 igitur
1830 4423 1834 4427 ·

298 4503 522 4592 Balduinus,
543 4500 697 4578 Roberti
717 4501 879 4609 junioris
906 4499 1024 4590 lilius,
1052 4504 1331 4581 strenuissimus
1355 4504 1497 4583 scilicet
1518 4509 1547 4585 F
1550 4508 1724 4589 landran-

213 4680 218 4691 ·
297 4635 397 4711 sium
418 4660 561 4720 comes,
592 4633 819 4709 monasterio
844 4633 943 4710 beati
962 4633 1106 4709 Bertini
1131 4633 1382 4743 fratribusque
1408 4639 1447 4714 in
1473 4668 1517 4716 co
1545 4641 1627 4718 Deo
1649 4673 1724 4720 ser-

299 4763 504 4855 vientibus,
520 4791 591 4868 pro
609 4762 780 4841 remedio
799 4762 923 4841 anime
939 4791 1023 4856 suc,
1046 4792 1087 4841 ac
1103 4763 1226 4846 fratris
1246 4768 1321 4858 sui,
1339 4767 1485 4846 ibidem
1495 4786 1587 4847 ante
1607 4801 1725 4851 annos
