4478 5842
323 466 370 539 42
667 455 1070 533 CHARTULARIUM
1097 451 1383 527 SlTfllENSE.

320 612 429 696 sima,
461 607 625 713 migrans
648 602 696 680 ad
712 601 939 689 Dominum,
965 624 1215 675 successorem
1237 595 1309 672 sibi
1332 593 1489 699 reliquit
1506 594 1738 672 Erchembo-
1845 594 1848 599 ’

322 744 430 831 dum,
447 736 626 843 sapientia
643 751 680 810 et
693 734 861 810 bonitate
878 729 1117 836 coaequalem.
1133 727 1228 822 Qui,
1243 744 1415 833 ternpore
1428 727 1529 834 regis
1541 725 1737 832 Hilperici,

320 870 541 948 successoris
561 865 719 972 predicti
738 863 836 973 regis
846 861 1067 970 Dagoberti,
1080 856 1640 967 quoddamprivilegiumregia
1654 886 1739 935 auc-

302 1004 468 1083 toritate
484 1000 529 1075 ab
550 1000 629 1103 ipso
650 995 821 1102 poposcit
838 1023 925 1101 rege
947 1008 1222 1081 constructum,
1243 991 1347 1097 quod
1365 989 1491 1068 taliter
1511 988 1735 1069 estfactum.

946 1281 1106 1355 XXIII.

553 1467 740 1508 PRll'leGlUM
762 1466 928 1505 ClllLPElllCl
952 1465 1035 1506 neuls
1056 1463 1192 1504 TEMPORE
1213 1463 1334 1503 entur!
1358 1445 1502 1505 nentrts¹.

378 1670 389 1697 a
404 1628 640 1733 Chilpericus
659 1653 721 1701 rex
735 1628 975 1701 Francorum.
992 1622 1032 1700 Si
1052 1621 1145 1699 sacta
1163 1640 1363 1728 parentum
1377 1637 1611 1712 nostrorum,
1633 1623 1737 1728 quod

319 1760 366 1836 ad
382 1761 463 1837 loca
483 1774 696 1834 sanctorum
710 1756 955 1860 prestiterunt
973 1752 1030 1831 vel
1041 1771 1318 1845 concesserunt,
1339 1781 1408 1858 per
1424 1753 1562 1830 nostris
1576 1753 1738 1830 oraculis

319 1891 597 1977 confirmamus,
612 1887 711 1995 regia
724 1865 994 1963 consuetudine
1008 1886 1081 1961 boc
1094 1912 1321 1974 exercemus,
1339 1901 1383 1959 ut
1395 1883 1506 1960 nobis
1519 1884 1567 1960 ad
1582 1883 1736 1962 laudem

317 2019 375 2096 vel
397 2017 635 2096 stabilitatem
651 2017 756 2123 regni
772 2016 906 2107 nostri,
933 2016 973 2091 in
991 2015 1061 2093 Dei
1077 2016 1249 2105 nomine,
1277 2014 1466 2119 pertinere
1488 2013 1734 2095 confidamus.

315 2146 665 2257 lgiturvenerabilis
684 2145 739 2222 vir
757 2147 1062 2237 Erchembodus,
1080 2144 1175 2221 abba
1192 2146 1238 2221 de
1260 2144 1489 2220 monasterio
1510 2143 1649 2236 Sithiu,
1670 2148 1736 2253 qui

317 2280 421 2354 estin
436 2278 799 2385 pagoTaruanense,
816 2275 856 2349 in
870 2275 1054 2351 honorem
1072 2291 1205 2352 sanctae
1218 2272 1359 2363 Mariae,
1377 2273 1566 2379 genitricis
1578 2274 1735 2354 Domini

315 2409 433 2487 nostri
446 2407 562 2484 Jhesu
575 2402 731 2494 Christi,
747 2430 895 2478 necnon
913 2420 950 2478 et
967 2406 1084 2479 sancti
1098 2394 1198 2478 Petri
1213 2418 1251 2477 et
1263 2400 1368 2476 Pauli
1383 2400 1657 2505 apostolorum,
1676 2406 1735 2483 vel

314 2557 533 2618 caeterorum
550 2536 781 2612 domnorum
803 2549 1033 2622 sanctorum,
1060 2548 1310 2621 constructus,
1331 2530 1378 2606 ad
1399 2549 1565 2609 nostram
1582 2536 1735 2614 accessit

312 2669 558 2774 praesentiam.
576 2664 796 2743 Clementiae
815 2663 921 2771 regni
935 2662 1054 2740 nostri
1068 2661 1270 2775 suggessit,
1281 2660 1386 2768 quod
1398 2689 1485 2738 avus
1502 2681 1630 2739 noster
1642 2665 1733 2744 Clo-

315 2801 470 2886 doveus,
486 2795 678 2900 quondam
695 2823 774 2882 rex,
794 2794 840 2868 de
855 2795 1033 2871 omnibus
1048 2793 1163 2870 curtis
1175 2791 1234 2869 vel
1248 2788 1347 2871 villis
1363 2791 1483 2898 ipsius
1495 2797 1730 2887 monasterii,

314 2925 494 3032 quicquid
509 2922 644 2999 eodem
664 2938 834 3025 tempore
853 2921 1095 3026 possidebant
1114 2939 1179 2997 aut
1193 2922 1316 2998 adhuc
1331 2922 1497 3014 inantea,
1513 2952 1557 2999 ex
1573 2954 1730 3005 munere
1803 2930 1816 2957 ⁸

314 3085 462 3165 regum,
477 3054 535 3132 vel
549 3052 682 3130 collata
692 3052 840 3159 populi,
857 3054 983 3130 sende
998 3072 1212 3161 comparato
1223 3072 1289 3132 aut
1301 3055 1349 3131 de
1360 3057 1535 3163 quolibet
1547 3059 1728 3155 adtracto,

244 3226 248 3233 ·
313 3187 352 3265 in
370 3180 605 3292 quibuslibet
617 3183 720 3292 pagis
736 3199 846 3289 atque
860 3184 1074 3276 territoriis,
1089 3184 1184 3260 inibi
1198 3203 1254 3262 cst
1270 3170 1439 3263 additum
1454 3188 1513 3265 vel
1531 3189 1727 3286 collatum;

312 3315 456 3423 integra
479 3310 700 3406 emunita‘te,
721 3303 946 3417 antecessori
967 3344 1034 3392 suo
1052 3316 1193 3393 domno
1207 3316 1378 3410 Bertino,
1402 3319 1594 3426 quondam
1614 3321 1730 3428 ipsius

310 3445 527 3523 monasterii
547 3442 699 3537 abbate,
725 3443 857 3523 velud
880 3444 1090 3551 predictum
1113 3446 1386 3524 monasterium
1406 3448 1664 3546 concessisset,
1687 3472 1730 3531 ut

311 3577 436 3654 nullus
456 3574 573 3685 judex
595 3574 772 3682 publicus
791 3574 935 3652 ibidem
956 3575 1007 3653 ad
1030 3606 1155 3654 causas
1175 3579 1397 3670 audiendas,
1421 3597 1485 3655 aut
1506 3579 1599 3659 freta
1609 3556 1729 3681 ,eiac-

308 3709 432 3797 tanda,
447 3707 504 3784 vel
521 3705 759 3810 fidejussores
770 3704 973 3807 tollendos,
989 3737 1058 3784 nec
1068 3709 1283 3785 mansiones
1293 3726 1356 3785 aut
1368 3725 1510 3814 paratas
1520 3708 1725 3819 faciendss3

309 3838 565 3941 necghomines
584 3834 699 3939 ipsius
712 3834 940 3945 monasterii,
957 3816 1034 3909 tam
1054 3836 1237 3942 ingenuos
1250 3867 1362 3945 quam
1377 3855 1414 3914 et
1427 3840 1644 3931 servientes,
1661 3816 1726 3949 qui

308 3986 421 4072 super
438 3984 555 4043 terras
578 3993 661 4041 suas
681 3981 937 4053 commanent,
960 3963 1254 4072 distringendos,
1276 3996 1346 4045 nec
1365 3968 1460 4045 ullas
1479 3969 1727 4053 redibitiones

309 4099 551 4206 requirendas
565 4095 623 4176 vel
636 4096 866 4184 exactandas,
874 4096 1070 4203 judiciaria
1085 4115 1247 4202 potestas
1262 4097 1405 4176 ibidem
1421 4095 1619 4209 ingredere
1634 4132 1727 4208 quo-

308 4259 420 4334 quam
440 4247 610 4335 tempore
626 4254 704 4301 non
720 4224 892 4317 deberet,
910 4225 981 4302 nisi
1002 4226 1071 4303 sub
1092 4228 1492 4340 emunitatis'nomine,
1511 4231 1615 4307 omni
1630 4248 1726 4309 tem-

308 4386 409 4462 pore,
426 4389 510 4435 cum
525 4385 655 4435 omnes
672 4355 788 4434 fretus
808 4385 1018 4447 concessos,
1039 4387 1123 4462 pars
1142 4359 1260 4464 ipsius
1279 4359 1493 4437 monasterii
1508 4361 1725 4466 perenniter

307 4490 462 4566 deberet
475 4489 678 4596 possidere.
697 4489 804 4564 Unde
822 4506 859 4564 et
873 4489 1132 4594 preceptiones
1153 4490 1268 4598 ipsius
1282 4489 1459 4568 videlicet
1472 4492 1722 4599 principis-avi

187 4620 193 4627 “
307 4621 423 4701 nostri
440 4619 632 4711 Clodovei,
648 4638 684 4696 et
701 4619 1004 4697 confirmationes
1019 4621 1273 4726 precelsorum
1290 4621 1559 4701 avunculorum
1574 4640 1723 4705 nostro-

348 4795 354 4822 ¹
380 4796 453 4855 Edit.
472 4820 486 4855 o
503 4796 611 4856 Mabill.
629 4796 671 4854 De
683 4816 712 4853 re
723 4793 830 4873 diplom.
851 4817 915 4877 pag.
932 4796 1001 4857 608.
