4388 5850
517 476 832 551 MONASTERII
864 476 1070 562 SANCTAE
1100 477 1393 549 TRlNlTATlS.
1588 473 1662 545 [155

876 809 1046 889 xxlth

304 1014 448 1118 Notum
464 1010 511 1087 sit
535 1008 713 1087 omnibus
740 1009 966 1119 christianis,
991 1009 1152 1116 qualiter
1170 1008 1365 1093 fficardus,
1392 1035 1518 1084 comes
1538 1007 1668 1085 Ebroi-

248 1142 398 1232 censis1,
419 1139 611 1217 monachis
637 1140 778 1217 Sanctae
800 1139 994 1216 Trinitatis
1018 1139 1210 1216 ecclesiam
1236 1139 1282 1215 de
1307 1135 1525 1243 Gravignei,
1552 1167 1665 1243 quarn

248 1270 450 1347 Rotbertus
470 1298 595 1347 comes
610 1271 755 1378 primus
774 1269 829 1346 eis
849 1285 1099 1359 concesserat,
1120 1287 1231 1375 atque
1246 1284 1332 1375 post
1352 1268 1432 1373 ejus
1447 1266 1593 1343 obitum
1611 1297 1668 1344 ar-

248 1399 507 1504 chiepiscopus
531 1397 734 1476 Rotbertus
760 1399 812 1475 eis
833 1397 1056 1503 abstulerat,
1077 1397 1237 1506 jubente
1258 1395 1456 1474 Willeimo
1478 1396 1664 1501 principe,

248 1529 368 1607 isdem
394 1528 575 1605 Ricardus
603 1528 678 1607 illis
702 1527 887 1629 reddidit,
915 1546 1066 1633 accepto
1099 1529 1179 1605 auri
1206 1554 1332 1604 marco
1358 1542 1397 1602 et
1422 1524 1667 1630 quadraginta

247 1659 378 1736 solidis
398 1687 643 1735 nummorum
666 1660 713 1736 ab
734 1658 868 1735 abbate
891 1658 1065 1736 Rainerio
1091 1676 1130 1736 et
1148 1657 1228 1766 ejus
1248 1656 1459 1744 monachis3
1482 1670 1594 1761 atque
1617 1655 1667 1732 ita

131 1788 133 1793 ’
248 1788 455 1894 predictam
485 1787 678 1865 ecclesiam
710 1788 749 1864 in
777 1806 959 1894 perpetua
988 1788 1197 1866 hereditate
1229 1788 1283 1865 eis
1310 1785 1548 1864 contradidit.
1578 1786 1665 1879 Quo

248 1920 364 2011 iacto,
388 1919 611 2019 Wiilelmns
631 1947 756 1997 comes
777 1935 815 1996 et
835 1918 999 1996 laudavit
1019 1936 1057 1996 et
1076 1920 1223 2011 annuit,
1249 1937 1360 2025 atque
1379 1945 1495 1993 manu
1516 1917 1665 2022 propria

247 2050 318 2127 sub
343 2052 481 2127 horum
500 2050 719 2128 testimonio
740 2048 984 2127 oo'nfirmavit

416 2236 543 2317 Signum
558 2233 733 2303 Wucanur,
748 2233 880 2296 comitis..
890 2231 1017 2315 Signum
1035 2233 1179 2301 Rroannr,
1199 2233 1314 2293 comitis
1328 2231 1519 2295 Ebroiceusis.
1541 2229 1664 2312 Signum

456 2335 638 2398 Samuonrs.
654 2334 780 2418 Signum
795 2335 999 2397 Ausonium.
1017 2335 1142 2417 Signum
1156 2333 1318 2395 Hannonis.
1336 2334 1462 2416 Signum
1475 2330 1664 2394 Gistananrr.

457 2439 582 2520 Signum
601 2438 768 2500 Gunrnanr.
787 2436 912 2519 Signum
930 2433 1118 2499 Grsnananrr.
1135 2436 1259 2520 Signum
1272 2436 1436 2497 Wenrmrr.
1454 2433 1577 2515 Sfflum
1593 2433 1666 2495 Ans

458 2561 563 2609 ruent,
580 2540 634 2600 filii
648 2538 781 2601 Osbemi
804 2538 930 2621 Signum
945 2536 1111 2602 Gorrnnnnr
1129 2540 1256 2602 manao.
1279 2539 1406 2622 Signum
1426 2538 1588 2634 Ructatur,
1611 2535 1663 2610 titii

456 2642 607 2702 Haimerii.

878 2928 1030 3006 XXIV.

311 3141 501 3219 Omnibus
520 3156 652 3217 sanctae
670 3139 832 3216 ecciesiae
852 3139 942 3219 fiiiis
960 3141 1200 3247 presentibus
1220 3159 1259 3219 et
1277 3139 1414 3219 futuris
1428 3157 1560 3218 notum
1582 3167 1660 3217 esse

246 3274 376 3376 cupio,
398 3273 503 3378 quod
524 3299 593 3380 ego
615 3268 839 3362 Gozeiinus,
856 3271 1063 3382 Dei'gratia
1082 3272 1305 3362 vicecomes,
1325 3268 1521 3348 ecclesiam
1541 3271 1665 3347 Mont-

244 3389 365 3489 viilae,
377 3431 463 3478 cum
481 3430 548 3479 suo
567 3401 662 3478 atrio
684 3417 821 3478 etcum
837 3402 942 3493 omni
959 3402 1076 3478 totius
1095 3401 1262 3506 ejusdem
1279 3397 1483 3478 Montvillae
1499 3399 1661 3488 decima,

246 3562 394 3609 necnon
422 3550 459 3609 et
489 3533 675 3610 decimam
698 3532 746 3609 de
771 3532 912 3608 l’essart
934 3531 982 3607 de
1005 3530 1039 3606 la
1059 3531 1150 3607 Haia
1172 3530 1219 3606 de
1241 3504 1447 3615 Porcelval,
1469 3531 1664 3607 monachis

244 3682 376 3740 sanctae
398 3681 436 3739 et
456 3662 659 3739 individue
680 3661 893 3749 Trinitatis,
914 3687 1010 3767 quos
1030 3660 1068 3735 in
1089 3661 1218 3738 Monte
1243 3659 1439 3766 Rotomagi
1460 3660 1604 3767 primus
1623 3663 1662 3737 in

246 3795 314 3869 Dei
339 3793 489 3869 servitio
510 3792 687 3881 adunavi,
712 3817 801 3867 suos
828 3819 1060 3897 suommque
1087 3789 1126 3867 in
1154 3818 1244 3868 usus
1269 3790 1447 3868 concedo.
1471 3789 1661 3868 Vivarium

245 3950 398 4030 quoque
418 3921 598 4028 piscium,
619 3938 656 3997 et
672 3920 768 3998 duos
788 3949 892 3997 aoros
907 3937 1008 3999 retro
1028 3921 1241 4027 pomerium
1262 3950 1350 3999 cum
1370 3920 1451 4029 ipso
1471 3923 1660 4028 pomerio,

245 4058 285 4131 id
320 4072 376 4132 est
406 4054 612 4163 gardigno,
650 4069 728 4129 tres
760 4053 873 4129 etiarn
903 4053 1034 4131 hortos
1067 4069 1152 4129 ante
1182 4053 1454 4130 monasterium
1490 4051 1660 4159 ejusdem

246 4184 467 4272 Montriliae,
492 4185 586 4262 sieut
605 4183 848 4260 manifestum
874 4199 932 4261 est
958 4211 980 4260 a
1005 4183 1061 4260 via
1088 4182 1240 4290 publica
1260 4184 1452 4291 usquead
1478 4183 1660 4275 rivulum3

242 4334 376 4422 praeter
402 4317 480 4392 haec
504 4312 784 4392 Cardonviliam
805 4332 843 4391 et
867 4314 990 4393 haiam
1015 4314 1062 4391 de
1076 4313 1316 4393 Cardonvilla
1331 4343 1418 4392 curn
1439 4315 1541 4392 omni
1562 4331 1660 4391 terra

245 4448 292 4521 ad
312 4448 430 4551 ipsam
446 4445 669 4553 pertinente.
687 4445 773 4522 Haec
790 4446 917 4523 omnia
934 4464 1124 4523 annuente
1146 4445 1301 4524 domino
1317 4474 1422 4537 meo,
1438 4445 1576 4522 comite
1591 4444 1661 4521 eci·

244 4577 333 4654 iicet
351 4575 549 4668 Rotberto,
571 4576 773 4682 supradicti
795 4576 955 4654 coenobii
975 4577 1172 4655 monachis
1194 4577 1422 4655 hereditario
1437 4575 1524 4683 jure
1545 4575 1663 4682 poesi·

286 4777 293 4806 ¹
318 4777 409 4837 Filius
428 4755 790 4873 Roberti,'erchiepiscopi
812 4773 1054 4858 Rothomagensie
1076 4795 1189 4838 necnon
1208 4777 1324 4839 comitis
1342 4775 1534 4838 Ebroicensis.

476 4964 597 5125 ᾧ..
617 4978 620 4983 ¹
1408 4879 1448 4942 55
