4388 5850
221 503 290 578 lll
567 499 977 576 CHARTULARIUM
1005 487 1283 567 SITHIENSE.

216 646 362 730 bertus,
381 645 567 733 Hinemar,
589 643 763 732 Rolsind,
782 643 1052 746 Megenguara,
1071 632 1305 724 Thiodsind,
1321 632 1523 724 lrmelind,
1541 633 1644 710 Lod-

215 774 349 857 winus,
376 771 600 877 Ehgellrild,
628 770 858 861 lrmenhild,
884 766 1120 874 Erlrenbrog,
1153 763 1395 870 Megensind,
1422 763 1641 854 Markwara,

183 928 188 937 ·
216 905 245 976 F
248 929 397 1005 runger,
415 902 594 988 ldwinus,
613 901 819 989 Folcuara,
834 899 1038 1003 Trasborg,
1058 894 1288 1004 Regenlind3
1306 894 1431 986 nobis,
1453 913 1531 973 tam
1546 895 1642 972 mihi

216 1060 328 1135 quam
351 1047 388 1104 et
405 1030 552 1134 conjugi
571 1058 663 1103 mere
684 1029 955 1132 lllegensindae,
972 1025 1031 1102 vel
1049 1025 1227 1131 predictis
1250 1022 1339 1102 filiis
1360 1028 1513 1118 nostris,
1530 1025 1590 1104 vel
1610 1029 1641 1104 si
1664 1016 1670 1025 ¹

218 1160 327 1235 nobis
341 1158 489 1234 duobus
503 1158 614 1232 simul
629 1157 938 1232 convenientibus
948 1158 1053 1233 Deus
1066 1156 1189 1231 adhuc
1198 1154 1340 1233 liberos
1351 1156 1508 1246 dederit,
1521 1155 1640 1233 ambae

218 1318 275 1365 res
300 1288 527 1393 prescriptae,
554 1304 630 1363 tam
655 1316 715 1361 eas
739 1316 831 1392 quas
852 1286 1028 1363 dedimus
1050 1316 1163 1393 quam
1193 1285 1276 1362 illas
1296 1315 1389 1394 quas
1414 1288 1639 1393 expetimus,

220 1418 328 1494 nobis
342 1417 518 1494 omnibus
529 1415 766 1522 prescriptis,
783 1416 953 1521 quandiu
970 1416 1234 1506 advixerimus,
1249 1444 1318 1521 per
1329 1416 1536 1522 precariam
1551 1445 1643 1494 con·

221 1550 360 1625 cedatis
373 1550 419 1625 ad
433 1547 650 1624 usitandum
668 1574 708 1622 ac
720 1545 1019 1636 meliora‘ndum3
1035 1575 1078 1622 ea
1093 1548 1237 1622 ratione
1255 1563 1318 1639 ut,
1336 1549 1445 1625 annis
1464 1547 1640 1656 siugulis,

218 1683 263 1756 ad
285 1680 523 1757 festivitatem
546 1677 661 1755 sancti
683 1677 841 1765 Bertini,
865 1704 947 1782 quae
968 1694 1024 1752 e'st
1044 1676 1156 1752 nonis
1177 1676 1419 1780 septembris,
1441 1677 1585 1756 solidos
1603 1704 1643 1756 m
1711 1685 1717 1696 ’

219 1814 256 1886 in
279 1839 432 1887 censum
446 1809 699 1916 persolvamus
717 1807 911 1884 monachis
925 1806 965 1882 in
979 1808 1061 1912 ipso
1075 1806 1304 1884 monasterio
1320 1810 1403 1884 Deo
1423 1807 1643 1886 famulanti-

218 1942 302 2031 bus,
322 1959 371 2029 et,
383 1958 469 2045 post
480 1939 626 2016 obitum
644 1955 817 2015 nostrum
831 1937 1014 2026 duorum,
1030 1936 1099 2012 lilii
1111 1938 1229 2013 nostri
1244 1937 1386 2016 solidos
1400 1966 1434 2029 v,
1452 1939 1493 2015 in
1507 1942 1641 2018 eadam

219 2072 430 2162 festivitate,
455 2069 682 2177 persolvant,
704 2068 875 2173 ipsasque
896 2065 938 2140 in
959 2064 1068 2142 nullo
1089 2065 1304 2174 naufragare
1324 2088 1544 2174 presumant
1563 2092 1640 2159 rest

220 2204 302 2292 sed,
315 2220 402 2307 post
416 2219 631 2278 nostrorum
646 2199 818 2276 omnium
832 2197 1056 2287 discessum,
1069 2195 1164 2301 ipsas
1176 2219 1251 2289 res,
1263 2214 1341 2274 tam
1355 2225 1446 2304 quas
1455 2201 1641 2280 tradimus

218 2362 332 2439 quam
356 2363 417 2409 eas
439 2361 530 2438 quas
557 2329 788 2434 accepimus,
809 2324 985 2403 monachi
1012 2323 1143 2432 prelati
1171 2322 1400 2404 monasterii
1419 2356 1506 2405 oum
1536 2333 1641 2408 omni

220 2464 502 2543 emelioratione
524 2461 715 2566 recipiant.
739 2459 777 2536 Si
798 2458 882 2563 quis
902 2484 990 2533 vero
1012 2457 1130 2563 (quod
1150 2455 1321 2533 futurum
1337 2485 1415 2534 non
1436 2460 1587 2564 credo),
1610 2463 1640 2539 si
1705 2498 1709 2506 ·

220 2596 450 2700 nosmetipsi,
465 2610 529 2670 aut
544 2590 720 2698 quislibet
736 2607 943 2678 extraneus,
959 2587 1049 2666 huic
1059 2586 1251 2663 traditioni
1266 2586 1474 2694 frangendo
1487 2606 1643 2699 tempta-

220 2725 329 2812 verit,
346 2725 426 2798 anri
442 2724 571 2798 uncias
593 2748 655 2812 rx,
676 2720 820 2826 argenti
840 2718 1009 2825 pondera
1027 2738 1098 2797 xxx
1121 2714 1334 2826 prescriptis
1348 2717 1525 2798 fratribus
1542 2749 1643 2799 coac·
1695 2798 1698 2802 .

221 2870 280 2925 tus
293 2853 450 2940 exolvat,
469 2880 539 2926 nec
554 2849 709 2954 repetita
725 2851 925 2937 evindicet,
951 2851 1016 2924 sed
1033 2852 1111 2925 haec
1125 2847 1279 2924 traditio
1297 2848 1408 2926 firma
1423 2870 1643 2956 permaneat
1748 2854 1752 2863 '

220 3006 304 3052 cum
327 2980 565 3082 stipulatione
581 2977 746 3053 subnixa.
886 2978 889 2984 ’
1313 2983 1318 2993 '

278 3108 437 3183 adetum
460 3109 497 3183 in
518 3108 745 3183 monasterio
770 3105 885 3182 sancti
903 3104 1019 3192 Petri,
1041 3107 1144 3229 guod
1166 3105 1292 3183 Sithiu
1314 3127 1477 3217 vocatur,
1497 3138 1559 3188 1111.
1582 3113 1643 3188 lra-

223 3238 351 3313 londas
373 3238 601 3326 decembris,
626 3263 723 3314 anno
743 3263 864 3315 xxvru.
892 3233 1020 3311 llaroli
1043 3235 1155 3343 regis,
1176 3233 1245 3312 lrlii
1264 3230 1497 3317 Hludovici.⁵

279 3445 290 3472 ιι
305 3405 461 3513 Signum
483 3408 679 3482 llanrraarr
702 3422 739 3480 et
759 3403 1030 3480 Mrossrnnann
1052 3417 1089 3478 et
1108 3403 1343 3557 Ercrungnr'r
1356 3422 1398 3511 ,φῖ
1415 3402 1637 3503 Ennianum,

221 3536 282 3641 qui
304 3537 400 3613 hanc
422 3536 661 3613 traditionem
682 3564 767 3610 cum
789 3532 953 3639 precaria
971 3532 1152 3609 lecerunt.
1263 3512 1285 3591 'a
1313 3514 1342 3597 -μ

389 3719 534 3799 «Signum
560 3718 744 3776 Vnnraasnu.
773 3716 899 3795 Signum
927 3714 1122 3775 Etesiarum.
1145 3715 1271 3799 Signum
1297 3717 1488 3781 sammaa.
1513 3719 1638 3806 Signum

433 3816 586 3878 lloormnr.
611 3816 735 3898 Signum
752 3815 918 3883 Horarum,
936 3810 1073 3876 advocati.
1088 3816 1215 3898 Signum
1232 3792 1390 3881 arolam.
1407 3818 1533 3902 Signum
1548 3824 1640 3886 Forn-

434 3938 524 3980 nsarr.
549 3919 673 4001 Signum
688 3916 949 3985 Bavosrs.decani.

306 4041 388 4121 «Fgo
406 4041 612 4110 (iniurators.
628 4040 768 4102 diaconus
782 4052 812 4102 et
832 4039 1006 4109 monachus,
1024 4040 1124 4122 scripsi
1142 4053 1173 4102 et
1189 4041 1378 4125 sulucripsln

851 4288 1003 4363 XLIV.

539 4473 675 4514 retortio
699 4472 824 4514 trotttttcl
849 4473 886 4512 DE
909 4473 1055 4515 uernulas
1078 4477 1112 4514 ET
1136 4473 1323 4516 tiernensem.

278 4649 421 4729 Eodem
443 4680 595 4759 quoquo
611 4651 690 4743 die,
708 4654 762 4731 vir
776 4652 951 4760 quidam,
975 4653 1172 4731 Liodricus
1195 4656 1367 4745 nomine,
1386 4659 1544 4737 tradidit
1557 4681 1642 4767 pre·

225 4784 297 4860 litto
315 4780 436 4859 abbati
463 4781 643 4859 llildnino
665 4810 742 4859 rem
764 4783 1007 4888 possessionis
1030 4811 1121 4874 suae,
1143 4786 1182 4862 in
1202 4785 1286 4864 loco
1305 4807 1547 4896 nuncupante
1562 4791 1641 4868 Me-
