4478 5842
494 443 567 513 556
845 440 1246 553 cflaRTUnARIUM
1279 443 1559 563 sltfllnpsn.

491 580 629 658 Comiti
656 581 894 658 Theoderico
926 583 993 659 etsi
1021 612 1155 690 pamm
1182 602 1307 692 gratus
1333 548 1439 676 erat,¹
1458 584 1632 691 Philippo
1656 566 1757 690 ejus⁸¹
1789 581 1911 660 multo

490 710 635 801 minus,
664 712 851 803 Roberto‚
879 713 1023 791 Ariensi
1055 731 1092 790 et
1107 715 1236 811 sancti
1261 715 1469 791 Audomari
1498 717 1712 822 preposito,
1740 713 1909 820 ejusdem

489 840 655 950 Philippi
680 843 913 938 consiliario,
941 844 1140 951 instigante
1172 862 1209 921 et
1234 844 1435 922 dominum
1464 875 1576 923 suum
1612 846 1651 921 in
1682 844 1814 959 odium
1842 843 1909 919 viri

360 974 364 983 '
490 971 669 1078 simplicis
690 990 938 1079 exasperante.

545 1101 705 1210 Accepta
734 1103 835 1179 enim
859 1103 961 1178 idem
981 1102 1168 1181 Robertus
1193 1104 1403 1192 occasione,
1431 1105 1555 1210 quod,
1583 1105 1623 1180 in
1648 1102 1776 1180 multis
1797 1102 1905 1192 locis,

489 1232 644 1310 ecclesia
668 1250 794 1310 nostra
829 1263 915 1310 cum
945 1232 1098 1311 ecclesia
1129 1233 1323 1342 collegiata
1353 1235 1469 1312 sancti
1501 1234 1708 1313 Audomari
1737 1232 1907 1309 redditus

488 1390 709 1441 communes
724 1363 856 1455 habet,
874 1363 1025 1441 dicebat
1033 1365 1180 1472 justum
1196 1382 1234 1442 et
1249 1394 1291 1441 ex
1305 1367 1460 1473 antiqua
1474 1365 1766 1453 consuetudine,
1785 1394 1804 1440 a
1818 1381 1909 1440 tem·

487 1520 579 1598 pore
601 1493 787 1600 Fridogisi
814 1493 974 1585 abbatis,
1000 1493 1217 1571 institutum
1243 1523 1343 1583 esse,
1371 1482 1570 1574 canonicos
1593 1494 1791 1572 nobiscum
1813 1492 1935 1585 antig„

397 1647 402 1656 ’
486 1650 579 1726 quas
600 1622 784 1729 equaliter
797 1621 1208 1730 possessiones'debere
1228 1622 1405 1700 dividere.
1424 1625 1502 1699 Hec
1523 1642 1561 1701 et
1579 1623 1801 1731 hujusmodi
1817 1621 1909 1698 falsa

486 1769 523 1827 et
542 1781 713 1857 perversa
733 1754 1008 1831 machinatione
1027 1770 1302 1843 commentans,
1327 1782 1454 1860 graves
1477 1771 1515 1828 et
1530 1754 1639 1861 juges
1661 1752 1787 1829 abbati
1810 1751 1936 1879 inse?

484 1880 591 1958 rebat
616 1884 829 1977 molestias,
860 1912 961 1960 nunc
989 1883 1243 1992 possessiones
1268 1882 1426 1960 ecclesie
1463 1883 1707 1960 distrahendo
1738 1899 1775 1958 et
1803 1879 1916 1957 aufe-'

484 2011 623 2102 rendo,
639 2042 740 2090 nunc
754 2014 983 2102 invadendo,
1000 2012 1277 2091 nunelibertati
1293 2013 1466 2101 ecclesie,
1485 2013 1525 2089 in
1539 2030 1722 2119 quantum
1740 2029 1903 2118 poterat,

487 2141 716 2249 derogando.

546 2271 610 2364 Et,
630 2256 684 2351 'ut
710 2274 758 2351 de
787 2273 919 2351 multis
944 2302 1061 2379 pauca
1084 2271 1300 2380 loquamur,
1327 2274 1430 2350 idem
1456 2270 1669 2379 prepositus
1690 2269 1902 2360 Nicolaum,

482 2404 689 2509 quemdam
714 2402 893 2496 militem,
917 2404 976 2481 cui
1004 2422 1157 2510 neptem
1183 2433 1290 2479 suam
1314 2402 1388 2494 vel,
1416 2420 1459 2479 ut
1481 2401 1544 2478 alii
1575 2400 1766 2491 dicebant,
1789 2399 1904 2477 filiam

481 2532 639 2610 tradidit
657 2532 697 2611 in
721 2562 897 2626 uxorem,
921 2552 1061 2610 terram
1081 2533 1273 2640 quandam
1294 2533 1333 2608 in
1350 2516 1440 2609 villi
1451 2532 1636 2613 Vuisema
1655 2559 1723 2638 per
1727 2530 1903 2643 ⁹multum
2000 2636 2001 2641 Ἰ

480 2681 646 2769 tempus,
669 2665 805 2771 partim
827 2693 871 2741 ex
891 2662 1117 2748 elemosina,
1139 2662 1276 2768 partim
1298 2690 1340 2738 ex
1361 2663 1570 2768 emptione,
1592 2661 1740 2738 anobis
1758 2687 1904 2767 posses-
2045 2654 2048 2661 ’

481 2822 576 2882 sam,
598 2792 687 2870 lecit
703 2793 950 2900 calumpniari
975 2810 1013 2870 et
1034 2792 1198 2898 pervim
1218 2792 1367 2869 comitis
1388 2792 1559 2884 aufferri,
1584 2792 1679 2868 datis
1700 2808 1827 2868 tamen
1857 2790 1903 2865 ab

482 2921 615 2998 eodem
637 2923 815 3000 Nicholao
837 2924 1024 3029 sexaginta
1045 2923 1196 3017 marcis,
1219 2922 1358 3029 quibus
1378 2941 1517 2999 terram
1540 2921 1645 3000 illam
1665 2922 1712 2998 ab
1736 2939 1903 2998 anteces-

480 3050 627 3127 soribus
648 3051 741 3144 suis,
763 3080 840 3129 non
861 3053 971 3129 nobis
993 3052 1200 3171 venditam,
1227 3054 1292 3128 sed
1309 3053 1348 3129 in
1368 3051 1590 3131 vadimonio
1605 3053 1767 3160 positam
1788 3050 1901 3129 fuisse

481 3181 640 3261 dicebat
667 3179 793 3258 Abbas
815 3198 959 3272 autem,
987 3181 1172 3288 quamdiu
1197 3199 1236 3259 et
1262 3199 1447 3288 quantum
1469 3185 1611 3289 potuit,
1636 3182 1788 3272 restitit;
1816 3183 1899 3269 sed,

479 3313 720 3420 oppressione
740 3312 916 3390 malitiosi
944 3311 1141 3420 prepositi,
1169 3312 1243 3389 sive
1264 3312 1522 3391 misericordia
1543 3331 1718 3422 urgente,
1739 3312 1805 3419 qui
1832 3340 1900 3418 per

450 3443 655 3523 ¹satellites
684 3443 831 3522 comitis
863 3444 1116 3549 possessiones
1146 3461 1291 3521 nostras
1315 3442 1441 3520 invadi
1471 3442 1632 3536 fecerat,
1664 3459 1814 3520 coactus
1844 3457 1901 3520 est
2024 3441 2027 3447 ’

477 3575 684 3679 predictam
703 3574 904 3681 pecuniam
923 3573 1107 3681 recipere,
1129 3572 1315 3650 arbitrans
1330 3573 1467 3651 melius
1491 3602 1589 3666 esse,
1611 3574 1658 3650 de
1680 3600 1738 3664 re,
1766 3589 1809 3648 ut
1828 3571 1899 3650 sibi

476 3704 683 3797 videbatur,
705 3703 917 3810 perdenda,
939 3703 1084 3810 aliquid
1098 3704 1284 3795 retinere,
1307 3733 1420 3810 quam
1434 3721 1560 3780 totum
1581 3680 1764 3781 ainittere.

532 3836 635 3911 Emit
656 3842 782 3910 autem
806 3863 848 3910 ex
872 3833 1004 3910 eadem
1028 3835 1186 3940 pecunia
1205 3853 1343 3913 terram
1368 3833 1558 3941 quandam
1578 3835 1619 3914 in
1638 3832 1897 3938 Ramscappla,

478 3965 523 4040 de
544 3963 649 4070 cujus
673 3964 886 4044 redditibus
911 3963 1048 4054 tribus,
1076 3965 1115 4041 in
1136 3965 1421 4075 quadragesima
1439 3965 1653 4056 Dominica‚
1678 3992 1801 4041 unum
1828 3962 1900 4039 fra·

475 4095 597 4174 tribus
621 4096 815 4174 consuevit
835 4094 1038 4202 procurari.

1287 4218 1310 4257 ’ὁ

1126 4292 1243 4368 XVI.

531 4469 799 4547 lucarnationis
817 4469 908 4546 item
925 4468 1115 4546 dominice
1137 4464 1416 4587 septuagesimq
1434 4465 1577 4570 primo,
1603 4465 1739 4547 accidit
1755 4492 1817 4543 res
1837 4491 1898 4543 ce·
1971 4500 1974 4507 ·

475 4599 572 4679 lebri
592 4598 774 4676 memoria
795 4598 922 4705 digna,
947 4617 985 4677 et
1006 4598 1179 4676 omnium
1199 4596 1444 4676 Sithiensium
1468 4598 1748 4702 possessionum
1772 4624 1898 4702 perva-

518 4769 525 4798 ¹
549 4765 732 4850 Supplstlio.
