4478 5842
317 459 361 528 72
668 449 1076 526 ouanrommuu
1102 449 1382 525 srrurnusn.
1478 434 1480 440 '

867 647 870 652 ’
971 661 1081 735 mv.

946 806 1110 871 Ennaton.

147 984 200 1038 apr·
216 965 246 1017 8¹
257 983 278 1016 ι.
372 953 551 1030 «Βοωηο
562 944 973 1026 venerabiliinChristo
984 944 1300 1051 patriNanthari0‚
1314 945 1439 1022 abbati
1452 943 1499 1023 de
1510 949 1738 1026 monasterio

314 1082 458 1172 Sithiu,
473 1079 540 1155 uhi
561 1079 639 1154 duo
656 1077 732 1182 agi,
752 1066 992 1152 Andomarus
1008 1074 1151 1151 scilicet
1163 1089 1201 1149 et
1213 1072 1347 1150 beatus
1366 1075 1564 1167 Bertinus,
1580 1097 1739 1182 pausant

315 1218 354 1290 in
368 1239 537 1318 corpore.
554 1209 633 1314 Ego
646 1204 862 1293 Folhertus,
880 1195 1061 1308 perhanc
1074 1202 1248 1312 paginam
1262 1205 1491 1297 traditionis,
1514 1225 1658 1284 constat
1676 1237 1737 1286 me

313 1343 419 1420 vohis
444 1340 502 1416 vel
529 1339 576 1413 ad
600 1333 789 1442 prelatum
813 1333 1086 1412 monasterium
1113 1352 1278 1411 vestrum
1298 1333 1443 1429 Sithiu,
1472 1363 1542 1441 pro
1568 1337 1738 1414 remedio

316 1474 447 1550 animae
458 1465 648 1579 genitricis
662 1492 773 1553 mere,
788 1465 1000 1554 Ebertanae,
1016 1463 1216 1552 defunctae,
1230 1464 1303 1539 hoc
1318 1481 1393 1556 est,
1412 1463 1578 1571 aliquam
1595 1483 1739 1572 partem

317 1599 539 1680 hereditatis
557 1624 665 1684 meae,
685 1595 725 1669 id
741 1613 844 1687 sunt,
867 1593 953 1701 plus
972 1593 1099 1669 minus
1112 1592 1317 1669 habentem
1330 1591 1491 1671 bunaria
1506 1623 1540 1674 v.
1564 1613 1600 1672 et
1620 1625 1740 1673 unum

318 1751 467 1839 pratum
489 1729 548 1805 cui
565 1724 790 1803 vocabulum
813 1742 867 1802 cst
882 1725 1177 1834 Brattingadala,
1202 1743 1239 1801 et
1259 1723 1442 1830 quicquid
1459 1725 1509 1800 ad
1527 1724 1639 1802 illum
1658 1754 1743 1832 pra-

317 1885 400 1943 tum
423 1863 610 1970 pertinere
629 1859 748 1934 visum
766 1875 821 1935 est
843 1859 883 1934 in
903 1856 987 1934 loco
1007 1873 1249 1961 nuncupante
1271 1854 1311 1930 in
1328 1855 1566 1961 Campaniae,
1589 1856 1629 1934 in
1645 1887 1741 1967 pago

319 1998 605 2081 Taruuanense,
623 2018 709 2066 cum
725 1990 852 2094 pervio
869 1988 1040 2095 legitimo
1057 2003 1095 2065 et
1107 1986 1344 2091 wadriscapo
1360 2016 1368 2061 :
1383 1985 1463 2062 haec
1478 1987 1622 2075 omnia,
1636 1987 1742 2093 juxta

319 2142 361 2200 ut
376 2122 549 2229 superius
566 2119 883 2226 comprehensum
897 2136 967 2208 est,
982 2118 1089 2195 vohis
1102 2117 1161 2194 vel
1174 2116 1453 2196 successoribus
1468 2116 1599 2194 vestris
1619 2114 1738 2209 dono,

319 2254 427 2330 trado
455 2271 567 2359 atque
596 2251 811 2327 transfirmo
843 2249 1113 2355 perpetualiter
1140 2251 1187 2325 ad
1220 2248 1506 2356 possidendum.
1542 2251 1743 2352 Propterea

320 2400 478 2460 vestram
498 2381 656 2488 flagitavi
678 2381 875 2486 pietatem,
901 2397 945 2456 ut
967 2380 1087 2485 ipsam
1107 2408 1188 2455 rem
1209 2378 1376 2456 licuisset
1400 2377 1496 2455 mihi
1520 2378 1658 2454 usitare
1684 2376 1743 2453 vel

321 2512 554 2589 emeliorare.
567 2513 615 2586 Et
624 2528 754 2617 postea
765 2540 840 2603 vos,
852 2539 928 2587 una
940 2540 1026 2588 cum
1037 2539 1223 2588 consensu
1236 2509 1395 2587 fratrum
1405 2525 1625 2600 vestrorum,
1637 2509 1742 2614 juxta

321 2644 425 2748 quod
436 2641 603 2719 mealuit
616 2642 769 2747 petitio,
786 2642 905 2747 ipsam
919 2669 1017 2732 rem,
1036 2640 1218 2747 quamdiu
1234 2639 1423 2730 advixero,
1439 2665 1638 2744 procurare
1654 2663 1742 2743 pro·
1805 2653 1818 2721 ’,

321 2773 489 2858 misistis,
506 2771 554 2845 ad
566 2771 813 2847 excolendum
833 2771 892 2847 vel
913 2771 1231 2859 emeliorandum,
1250 2786 1303 2862 et,
1316 2770 1411 2846 sicut
1426 2768 1599 2845 convenit
1612 2766 1740 2857 nobis,

323 2901 429 2975 annis
444 2898 613 3004 singulis,
629 2900 677 2973 ad
689 2899 927 2991 festivitatem
940 2901 1054 2975 saneti
1068 2899 1227 2987 Bertini,
1245 2929 1326 3002 quae
1341 2915 1397 2976 est
1408 2926 1527 2975 nonas
1540 2896 1742 3003 septembr.

324 3053 494 3113 censum,
507 3026 629 3118 idest,
643 3028 816 3102 denarios
832 3054 901 3117 1111,
919 3055 987 3132 pro
1004 3028 1084 3132 ipso
1101 3056 1190 3116 usu,
1208 3026 1314 3102 vohis
1330 3028 1417 3104 dare
1428 3027 1487 3105 vel
1496 3028 1743 3105 transsolvere

324 3153 495 3231 debeam.
513 3155 553 3231 Si
569 3154 654 3260 quis
668 3183 773 3243 vere,
791 3156 898 3260 quod
912 3155 1084 3231 futurum
1111 3183 1189 3231 esse
1214 3185 1291 3232 non
1312 3158 1444 3246 eredo,
1465 3157 1495 3234 si
1515 3159 1742 3264 egometipse

324 3301 388 3360 aut
408 3282 509 3380 ullus
531 3284 578 3360 de
599 3284 806 3360 heredibus
833 3285 944 3375 meis,
971 3283 1038 3389 qui
1069 3300 1196 3361 contra
1223 3287 1320 3362 hanc
1343 3287 1586 3363 donationem
1600 3286 1742 3363 evenire

322 3413 500 3504 voluerit,
516 3411 575 3489 vel
594 3440 676 3490 eam
689 3412 892 3522 infringere
911 3416 1166 3519 temptaverit,
1184 3414 1319 3491 inferat
1333 3415 1454 3508 vobis,
1471 3443 1547 3491 una
1564 3444 1649 3494 cum
1669 3416 1745 3494 dis-

322 3544 510 3649 tringonte
524 3542 631 3634 hscO,
654 3542 733 3619 auri
748 3543 876 3619 uncias
890 3569 962 3635 1111,
986 3545 1129 3650 argenti
1146 3546 1314 3649 pondera
1329 3571 1351 3624 v
1367 3561 1514 3623 coactus
1531 3544 1689 3638 exolvat,
1708 3563 1745 3623 et

324 3674 429 3778 quod
448 3662 587 3779 repetit
602 3672 810 3749 evindicare
831 3701 909 3749 non
926 3672 1063 3760 valeat3
1086 3675 1153 3750 sed
1171 3675 1250 3751 haec
1269 3675 1427 3754 tradicio
1448 3677 1553 3753 omni
1572 3692 1743 3782 ternpore

324 3802 432 3879 firma
449 3819 667 3908 permaneat
687 3831 774 3877 cum
793 3800 1035 3906 stipulatione
1057 3803 1223 3881 subnixa.

381 3933 543 4009 «Actum
573 3932 612 4006 in
635 3932 887 4041 Bagingatun,
909 3933 948 4008 in
975 3962 1103 4012 mense
1129 3937 1280 4041 aprilio,
1310 3965 1408 4014 anno
1431 3963 1541 4013 xnuu.
1565 3955 1744 4044 regnante

324 4061 460 4137 Karolo
480 4061 642 4168 glorioso
661 4091 767 4169 rego,
789 4079 826 4138 et
845 4091 943 4140 anno
962 4091 996 4140 x.
1014 4065 1161 4170 imperii
1183 4067 1294 4174 ejus¹.

381 4192 565 4299 «Signum
593 4196 787 4285 Fonnnnrr,
816 4194 880 4300 qui
904 4195 1001 4271 hanc
1022 4196 1266 4275 donationem
1291 4197 1374 4275 fieri
1395 4201 1546 4308 rogavit.

388 4319 533 4399 «Signum
549 4321 720 4380 Forcusnu.
738 4321 819 4403 Sign.
829 4322 951 4383 Ansam.
966 4323 1048 4406 Sign.
1061 4324 1226 4387 lucorsnrr.
1240 4327 1321 4409 Sign.
1332 4327 1565 4395 Vorrnrcosnu.
1579 4328 1743 4390 centenarii.

368 4420 449 4500 «Ego
463 4422 669 4489 (remorsurus,
681 4423 828 4491 sacerdos,
845 4427 946 4508 scripsi
961 4437 990 4486 et
1003 4426 1171 4510 subscripsi.
1183 4457 1193 4484 ι

369 4584 376 4613 ¹
400 4587 503 4644 Annus
525 4605 592 4646 rnrv
607 4589 689 4667 regni
709 4588 803 4650 Caroli
820 4588 1003 4672 Magnicum
1061 4595 1134 4657 fides
1157 4595 1322 4658 adhihenda
1340 4598 1455 4659 videtur
1470 4598 1547 4658 notis
1569 4596 1747 4677 chronologi·

326 4712 351 4749 a.
365 4687 432 4749 Chr.
449 4689 524 4754 812;
541 4690 631 4769 ipsius
646 4711 714 4751 vero
729 4693 844 4774 imperii
862 4717 956 4755 annus
972 4717 1002 4766 x,
1061 4700 1101 4759 cis
1117 4721 1142 4758 c.
1159 4719 1227 4767 uu,
1246 4700 1383 4783 quesibi
1401 4703 1525 4764 invicem
1539 4699 1745 4763 concordantes

325 4813 393 4853 cum
413 4814 437 4852 a.
457 4790 524 4850 Chr.
548 4794 618 4862 811,
631 4795 818 4855 conveniunt.
835 4797 926 4880 Major
939 4799 1005 4860 ideo
1062 4823 1087 4860 a.
1099 4802 1157 4864 811
1174 4801 1312 4866 indicant.
1398 4864 1399 4867 ,
