4478 5842
588 497 713 570 mas
740 493 909 566 rarus.
929 534 978 544 -
997 487 1248 578 ronourm
1274 486 1367 560 ms.
1394 488 1442 558 n.
1632 462 1725 563 ‚raa

304 664 450 733 turum,
478 642 507 717 si
536 640 617 746 ejus
647 639 707 743 pia
723 638 916 747 juraretur
931 632 1219 720 intercessione,
1249 626 1463 735 spopondit.
1496 626 1620 717 Quem
1641 652 1727 700 mox

300 775 414 854 saluti
427 773 663 860 restitutum,
678 770 759 845 Deo
770 762 1024 870 omnipotenti
1038 760 1224 839 famulum
1238 775 1414 836 etsancto
1426 755 1580 834 Bertino
1590 753 1727 861 optulit

306 905 534 982 monachum
554 897 823 1007 perpetualiter
842 921 1142 1000 permansurum.

919 1129 1131 1203 LXXVII.

573 1316 611 1358 DE
632 1311 829 1358 corstmnstottn
854 1311 1055 1355 honestene!
1079 1311 1107 1351 ttt
1132 1308 1276 1350 sedunens
1300 1307 1461 1350 PhssPOSlTU.

364 1457 586 1535 hntedictus
614 1472 739 1532 autem
768 1452 881 1530 abbas
911 1469 949 1528 et
973 1480 1099 1528 comes
1125 1450 1319 1540 Arnullus,
1351 1449 1484 1527 dolens
1507 1450 1729 1557 religionem

308 1588 568 1677 monasticam,
591 1616 673 1694 quae
691 1584 787 1660 inihi
804 1584 841 1658 in
863 1583 978 1687 priori
999 1600 1171 1686 tempore
1187 1581 1331 1658 abeato
1351 1582 1505 1659 Beraino
1521 1600 1731 1660 constructa

306 1717 469 1826 vigebat,
495 1736 585 1794 tunc
613 1714 798 1819 temporis
817 1712 1021 1802 aboletam,
1047 1714 1209 1821 cogitare
1234 1712 1332 1819 cepit
1349 1711 1511 1819 qualiter
1537 1712 1731 1818 pristinam

306 1850 529 1957 religionem
551 1864 757 1937 extrueret,
775 1864 812 1921 et
827 1845 954 1921 locum
976 1846 1129 1949 antiqua
1153 1845 1345 1920 sanctitate
1370 1842 1599 1922 nobilitaret.

366 1980 474 2087 [Sed
492 1980 683 2057 voluntate
698 1975 867 2052 altissimi
881 1975 969 2065 Dei,
982 1975 1047 2080 qui
1061 2003 1234 2080 sponsam
1252 2005 1374 2064 suam,
1394 1974 1586 2053 eeclesiam
1601 1975 1732 2053 videli-

309 2129 385 2201 cet,
405 2138 621 2217 quanquam
643 2107 834 2184 interdum
850 2106 1044 2194 fluctuari,
1067 2133 1259 2211 nunquam
1281 2121 1407 2181 tamen
1427 2105 1628 2209 periclitari
1648 2139 1733 2215 per-

308 2241 425 2332 misit,
441 2241 604 2317 eundem
615 2238 871 2314 marchionem
884 2236 1074 2313 continuis
1086 2235 1310 2312 cruciatibus
1325 2234 1474 2326 calculi,
1490 2237 1553 2342 qui
1564 2300 1572 2328 ,
1585 2238 1731 2316 urinam

308 2371 505 2461 inhibens,
524 2386 767 2474 nuncupatur
777 2365 889 2473 vulgo
902 2366 1068 2473 lapillus,
1081 2366 1200 2443 voluit
1212 2366 1402 2442 macerari.
1424 2366 1483 2443 Ad
1497 2395 1630 2473 quem,
1653 2398 1734 2445 me·

310 2504 423 2580 dendi
439 2503 573 2609 gratia,
592 2498 701 2576 multi
715 2498 983 2604 cirurgicorum
997 2496 1258 2585 convolarunt,
1272 2513 1462 2602 sperantes
1477 2524 1537 2587 se,
1551 2497 1598 2573 ab
1612 2503 1732 2607 coqui

308 2632 485 2711 affluebat
499 2631 647 2720 divitiis,
667 2628 972 2704 emolumentum
987 2656 1064 2705 non
1075 2656 1229 2734 parvum
1246 2645 1475 2734 accepturos.
1486 2627 1563 2705 Sed
1576 2627 1644 2719 illi,
1660 2660 1733 2709 suae

310 2765 397 2839 artis
415 2762 588 2868 peritiam
613 2774 816 2865 querentes
838 2757 878 2832 in
894 2785 981 2834 eum
1001 2756 1198 2846 extollere,
1227 2775 1264 2832 et
1290 2756 1506 2835 extollendo
1527 2777 1730 2850 ostentare,

310 2892 380 2968 sub
402 2891 507 2997 cujus
530 2906 680 2996 aspectu
702 2887 913 2964 octodecim
932 2888 1046 2978 viros,
1060 2886 1182 2964 'simili
1202 2886 1337 2964 morbo
1361 2888 1566 2980 conlectos,
1591 2891 1733 2969 incide-

310 3039 411 3112 runt,
427 3049 523 3126 quos
543 3018 698 3125 quidem
721 3046 871 3105 omnes,
891 3046 969 3094 uno
991 3016 1146 3123 dempto
1167 3018 1233 3124 qui
1252 3019 1291 3094 in
1308 3016 1412 3095 brevi
1436 3038 1598 3098 mortem
1619 3021 1731 3115 obiit,

311 3165 545 3229 curaverunt.
559 3150 607 3225 Et
620 3148 708 3255 quia
723 3148 754 3225 is
768 3146 840 3225 sibi
856 3148 1044 3225 medelam
1061 3148 1251 3225 incidendi
1270 3150 1480 3226 evitandam
1496 3154 1672 3242 ostendit,
1687 3155 1734 3233 de

311 3300 436 3359 cetero
451 3281 526 3357 tale
539 3280 630 3387 quid
652 3279 942 3387 suggerentibus
956 3279 1116 3357 ulterius
1134 3280 1266 3356 audire
1282 3280 1461 3386 nequivit.
1478 3281 1658 3373 Demum,
1677 3286 1734 3361 di·
1784 3286 1787 3291 ’

309 3413 392 3489 vina
405 3412 521 3520 gratia
534 3411 578 3487 ad
594 3439 633 3488 se
643 3439 857 3501 conversus,
870 3411 1094 3516 contemptis
1104 3411 1218 3517 hujus
1230 3411 1345 3487 seculi
1359 3408 1534 3502 medelis,
1547 3433 1673 3491 mente
1688 3416 1735 3492 ad

256 3552 258 3556 ‘
311 3572 398 3619 eum
418 3543 583 3619 cucurrit
598 3539 662 3647 qui
684 3539 765 3619 solo
786 3570 961 3618 sermone
978 3541 1148 3617 universa
1168 3559 1365 3630 restaurat,
1389 3557 1427 3616 et
1445 3544 1646 3619 venerandi
1663 3544 1736 3622 Ge-

312 3673 410 3749 rardi
423 3672 650 3779 presentiam
660 3699 729 3776 per
741 3671 922 3747 nuncium
936 3671 1104 3749 velocem
1115 3671 1288 3777 queritat.
1304 3672 1535 3749 Adveniente
1546 3674 1733 3781 siquidem

297 3803 388 3879 *viro
404 3803 491 3891 Dei,
508 3801 692 3877 intimavit
705 3799 928 3907 lugubrum,
948 3819 991 3878 ut
1006 3832 1074 3906 pro
1091 3802 1257 3908 corporis
1270 3803 1434 3881 sanitatis
1453 3807 1734 3912 recuperatione

314 3931 584 4036 omnipotentis
608 3930 845 4006 clementiam
874 3931 1102 4035 imploraret.
1129 3935 1289 4024 Verum,
1320 3934 1400 4010 susa
1426 3964 1552 4039 prece,
1576 3955 1613 4015 et
1637 3969 1734 4015 mar-

314 4060 459 4138 chionis
483 4060 609 4135 animo
635 4059 752 4135 sancti
783 4058 849 4135 viri
873 4059 1031 4136 consilio
1052 4060 1199 4166 pulsato
1223 4063 1397 4167 quatinus
1419 4064 1465 4141 de
1485 4095 1641 4144 suorum
1667 4069 1736 4148 bo-

314 4219 451 4268 norum
477 4189 667 4265 affluentia
693 4190 820 4297 egenis
840 4188 961 4281 daret,
979 4189 1127 4268 volente
1148 4191 1247 4283 Deo,
1270 4192 1507 4301 obtemperat
1529 4200 1736 4277 marchisus

313 4338 461 4412 sanct0;
482 4318 754 4425 celebratisque
777 4319 974 4396 missarum
996 4320 1234 4429 sollempniis
1259 4352 1343 4399 cum
1367 4324 1527 4403 lletuum
1548 4328 1733 4436 suspiriis,

312 4451 478 4528 triduani
498 4449 635 4559 jejunii
656 4449 882 4528 abstinentia
902 4450 1082 4529 indicitur
1097 4453 1165 4529 illi.
1188 4454 1362 4561 Cumque
1384 4484 1509 4538 comes
1529 4459 1598 4538 iste
1618 4492 1737 4540 sacra-

313 4597 529 4658 mentorum
554 4580 710 4658 devotus
733 4581 987 4688 participasset
1012 4581 1206 4676 misteriis,
1231 4603 1386 4690 repente
1409 4588 1602 4699 mingendi
1624 4623 1736 4724 appe-

313 4710 404 4787 titus
424 4712 681 4790 marchionem
697 4711 931 4819 sepedictum
953 4712 1118 4829 impelit,
1140 4733 1192 4805 et,
1210 4744 1377 4823 congruo
1393 4738 1546 4830 petente
1566 4751 1730 4814 secessu,

312 4843 392 4919 sine
414 4838 635 4920 difficultate
654 4857 829 4920 urentem
854 4841 979 4920 emisit
998 4840 1183 4949 lapillum
1207 4847 1294 4939 Quo
1318 4848 1473 4952 pristine
1495 4852 1641 4929 sanitati
1661 4856 1733 4930 mi-
