4478 5842
578 482 1384 557 rnsssscnrvnn.-s1uon1snrs.
1412 486 1438 556 1.
1647 448 1732 556 iss

356 626 459 731 -Ego
483 627 727 713 Bsssnrcrus,
757 640 881 701 sancte
914 623 1149 703 Bellitrsnsis
1181 624 1335 702 ecclesie
1361 624 1485 701 dictus
1505 625 1719 730 episcopus,

298 755 471 860 cognovi,
495 772 533 831 et
556 754 707 860 propria
725 782 841 833 manu
858 752 1071 861 subscripsi.
1111 792 1116 799 ·

357 886 461 991 «Ego
485 887 729 972 Bourrsrrus,
761 902 884 961 sancte
924 884 1147 963 Albanensis
1174 885 1328 962 ecclesie
1359 886 1481 963 dictus
1504 884 1718 991 episcopus,

300 1015 474 1121 cognovi,
496 1031 534 1090 et
552 1017 701 1120 propria
726 1043 839 1091 manu
860 1017 1071 1122 subscripsi.

363 1147 469 1251 «Ego
489 1147 648 1233 Pnrrus,
672 1146 955 1225 archidiaconus
974 1162 1099 1224 sancte
1115 1148 1281 1222 Romane
1301 1146 1474 1236 ecclesie,
1492 1147 1662 1252 cognovi,
1685 1162 1722 1220 et

299 1277 450 1381 propria
476 1304 589 1352 manu
608 1275 819 1381 subscripsi.

256 1508 260 1515 ⁵
358 1408 463 1513 «Ego
493 1408 788 1498 Hunssssuous,
810 1410 1129 1486 senctellomane
1153 1406 1308 1484 ecclesie
1336 1406 1636 1495 archidiaconus,
1661 1433 1723 1480 co-
1834 1404 1850 1483 ⁴.

301 1534 410 1641 gnovi
432 1552 470 1611 et
488 1535 638 1641 propria
658 1563 771 1612 manu
790 1535 1002 1643 subscripsi.

359 1666 465 1771 «Ego
484 1666 729 1755 Fnsnsucus,
752 1664 948 1757 diaconus,
971 1663 1184 1770 subscripsi.

359 1850 524 1928 «Datum
546 1851 658 1927 tertio
678 1848 763 1926 idus
776 1851 863 1926 maii
882 1880 949 1957 per
963 1879 1097 1967 manus
1116 1848 1309 1940 Aribonis,
1326 1849 1484 1941 diaconi,
1500 1877 1600 1926 anno
1612 1850 1724 1926 tertio

302 1982 543 2088 pontificatus
566 1980 697 2058 domni
717 2010 819 2087 papae
837 1980 1015 2072 Victoris,
1040 2009 1171 2058 mense
1193 1981 1309 2069 maio,
1333 1980 1539 2057 indictione
1561 1981 1722 2071 decima,

303 2112 366 2189 die
386 2113 498 2189 tertio
514 2112 673 2191 decimo.
691 2149 703 2179 ·

816 2442 821 2451 ·
951 2406 1072 2480 XlIl.

305 2634 343 2674 ult
358 2633 576 2675 struncnrlottt
591 2634 681 2673 nors
704 2633 791 2674 turult
808 2634 945 2674 nostru!
968 2632 1104 2674 novom
1120 2633 1154 2672 st·
1171 2621 1382 2680 ounwuossu,
1399 2632 1574 2674 suvoctru!
1596 2634 1727 2674 sottutstr

952 2733 1072 2777 Roffl'llss.

363 2951 429 3026 llis
449 2951 500 3026 ita
516 2948 724 3054 dispositis,
747 2975 823 3024 non
840 2948 961 3025 multo
975 2962 1060 3054 post
1075 2963 1263 3052 tempore,
1280 2946 1379 3022 inter
1393 2945 1591 3033 dominum
1609 2951 1729 3027 Bovo-

307 3108 408 3165 nem.
423 3069 613 3167 abbatem,
628 3094 666 3184 et
682 3077 901 3156 advocatum
915 3077 1030 3184 hujus
1044 3075 1134 3167 loci,
1148 3075 1438 3167 Gerbodonem‚
1454 3075 1727 3183 lisgravissima

307 3209 482 3286 exoritur.
505 3207 703 3315 Siquidem
725 3208 891 3286 advocati
906 3208 1065 3285 interest
1079 3204 1194 3284 officii
1213 3234 1275 3283 res
1296 3205 1559 3283 ecclesiasticas
1572 3225 1611 3285 et
1628 3207 1729 3288 bona
1838 3201 1841 3208 ’

307 3340 490 3419 exterioea
507 3337 554 3415 ab
578 3337 844 3447 ingruentibus
865 3365 1063 3445 pravorum
1092 3336 1294 3416 hominum
1321 3335 1514 3414 defensare
1534 3339 1724 3441 periculis,

307 3499 410 3565 cum,
429 3497 543 3561 ,versa
570 3468 665 3560 vice,
703 3469 813 3546 sicuti
836 3485 928 3547 tunc
956 3467 1131 3576 contigit,
1164 3464 1370 3572 cupiditate
1397 3467 1566 3557 avaritie,
1599 3469 1729 3545 delen·

308 3601 463 3678 sandnm
486 3599 678 3679 ecclesiam
693 3598 933 3705 perturbare,
957 3598 1151 3707 magisque
1173 3595 1321 3674 soleant
1349 3596 1455 3673 oneri
1489 3623 1587 3687 esse,
1615 3626 1728 3704 quam

310 3730 461 3809 utilitati
476 3728 721 3807 ecclesiastice
737 3730 927 3835 prodesse.
941 3730 1051 3808 Unde
1066 3744 1192 3806 sunm
1207 3744 1280 3817 est,
1298 3744 1342 3805 ut
1355 3727 1458 3803 idem
1474 3725 1665 3818 Gerbodo,
1689 3730 1729 3805 in

309 3859 394 3938 villa
406 3859 524 3937 sancti
543 3857 702 3947 Bertini,
718 3857 831 3935 Arkns
854 3858 973 3950 dicta,
1000 3857 1180 3967 quasdam
1197 3858 1383 3934 indiceret
1395 3855 1552 3963 injustas
1571 3858 1730 3936 exacuo·

310 4016 377 4064 nes
395 3986 673 4094 persolvendas,
701 4014 815 4092 super
838 3984 1001 4063 famulos
1019 4014 1172 4092 quoque
1203 3985 1319 4062 sancti
1343 3985 1486 4062 Bertini
1513 4003 1553 4063 et
1579 3985 1731 4064 subma-

312 4133 444 4194 nentes
451 4115 514 4223 jus
527 4113 743 4191 indebitum
757 4113 830 4192 sibi
850 4142 1051 4221 usurpans,
1066 4115 1331 4223 bostegrrvius
1344 4113 1576 4218 inquietabat
1588 4118 1727 4193 omnia.

311 4245 428 4352 Cujus
454 4244 509 4323 rei
539 4242 655 4350 grstia
681 4243 797 4321 abbas
827 4245 930 4322 Bovo
956 4243 1186 4322 Balduinum
1218 4227 1477 4321 marchionem
1502 4245 1728 4350 expostulet,

312 4375 503 4481 quatinus,
528 4374 747 4487 investigata
766 4373 989 4483 diligentius
1008 4373 1120 4480 hujus
1138 4372 1217 4451 litis
1234 4373 1504 4464 controversis,
1523 4374 1641 4453 linem
1665 4402 1731 4453 sna

313 4505 531 4582 sonoritate
557 4504 789 4583 altercationi
814 4505 995 4611 imponat.
1015 4505 1136 4611 Cujus
1154 4502 1327 4610 petitioni
1354 4501 1519 4611 benigne
1541 4531 1727 4597 mouens,

312 4632 534 4712 venerabilis
560 4634 749 4742 princeps,
779 4662 820 4712 re
844 4634 945 4741 justa
974 4633 1153 4727 discussa,
1192 4630 1378 4711 ambobus
1406 4634 1623 4739 pacificatis,
1651 4634 1728 4739 pari

315 4764 509 4873 utriusque
518 4791 669 4842 assensu
677 4781 715 4842 et
727 4763 899 4856 consilio,
913 4763 1007 4871 quid
1018 4763 1222 4872 unicuique
1231 4761 1414 4842 debeatur
1421 4790 1491 4841 suo
1500 4788 1729 4866 suorumque
