4478 5842
583 490 713 562 PARS
741 487 912 560 PRIMA.
929 530 981 542 -
999 487 1251 576 FOLQUlNI
1278 488 1369 559 LIB.
1397 488 1445 557 ΙΙ.
1655 481 1725 552 119

976 800 1043 873 LI.

359 1062 371 1093 α
386 1026 428 1101 ln
442 1025 597 1101 nomine
609 1040 742 1101 sanctae
759 1038 798 1098 et
810 1020 1014 1097 individuae
1027 1019 1236 1097 Trinitatis.
1256 1018 1418 1095 Karolus
1433 1017 1550 1125 gratia
1564 1017 1635 1098 Dei
1651 1044 1726 1092 rex.
1775 1043 1805 1077 ¹2
1818 1021 1867 1075 seb·
1878 1022 1942 1094 ⁸74·

301 1156 342 1234 Si
354 1184 484 1262 preces
501 1154 678 1231 fidelium
694 1126 913 1229 nostrorum
929 1150 1064 1228 devote
1078 1149 1188 1226 nobis
1207 1149 1471 1226 famulantium
1492 1147 1540 1224 ad
1558 1163 1728 1252 optatum

298 1417 405 1525 gium
426 1430 468 1497 §t
487 1416 638 1515 quitum·¹
655 1430 871 1491 nostrorum
896 1411 1030 1516 procul
1057 1410 1173 1487 dubio
1202 1439 1349 1487 morem
1376 1437 1603 1487 exercemus.
1626 1408 1728 1499 Qua·

300 1563 459 1653 propter
467 1546 614 1632 noverit
631 1545 804 1621 omnium
821 1540 994 1618 fidelium
1010 1559 1142 1618 sanctae
1157 1542 1226 1617 Dei
1240 1541 1404 1618 ecclesie
1414 1558 1726 1644 nostrorumque,

298 1693 376 1752 tam
392 1675 749 1781 presentiumquam
762 1689 802 1751 et
813 1671 1046 1762 futurorum,
1059 1671 1263 1762 industria,
1281 1671 1370 1778 quia
1381 1669 1604 1749 venerabilis
1614 1665 1728 1745 abbas

300 1804 534 1895 Hilduinus,
561 1804 805 1882 fidelissimus
830 1821 958 1880 noster
980 1821 1092 1910 atque
1112 1804 1368 1881 ministerialis
1387 1821 1515 1881 noster
1535 1801 1726 1891 librarius,

302 1935 421 2013 abbas
437 1936 580 2015 scilicet
599 1935 816 2014 monasterii
836 1935 982 2021 Sithiu,
1003 1934 1064 2011 siti
1083 1934 1122 2008 in
1141 1964 1236 2042 pago
1247 1935 1503 2026 Tarwanensi,
1526 1935 1728 2012 constructi

250 2102 253 2109 ·
300 2066 539 2142 inhonorem
557 2066 673 2143 sancti
688 2065 809 2154 Petri,
826 2063 1085 2171 apostolorum
1100 2064 1295 2170 principis,
1311 2066 1438 2171 inquo
1456 2093 1615 2170 corpora
1626 2094 1728 2143 sanc·

299 2213 428 2273 torum
456 2192 716 2272 confessorum
744 2194 952 2272 Audomari
984 2212 1097 2300 atque
1122 2196 1267 2271 bertini
1295 2195 1481 2272 tumulata
1509 2215 1727 2285 noscuntur,

177 2304 180 2309 .
301 2345 438 2405 nostrae
451 2327 832 2434 innotuitmajestati,
847 2326 1011 2432 qualiter
1017 2326 1446 2432 jamdudum,t'emp0re
1456 2326 1730 2433 predecessoris

301 2458 359 2534 sui
375 2458 598 2534 venerabilis
612 2458 784 2566 Hugonis
804 2456 968 2545 abbatis,
995 2457 1169 2534 avunculi
1192 2458 1333 2546 nostri,
1357 2459 1480 2534 eidem
1501 2457 1728 2534 monasterio

300 2607 467 2666 nostram
477 2589 696 2667 fecissemus
706 2588 984 2680 auctoritatem,
997 2617 1066 2693 per
1079 2616 1194 2695 quam
1206 2589 1322 2681 illud,
1338 2617 1424 2664 cum
1441 2589 1618 2666 omnibus
1631 2589 1679 2666 ad
1688 2616 1727 2665 se

296 2718 597 2825 pertinentibus,
615 2718 686 2795 sub
702 2736 828 2796 nostra
843 2716 1156 2796 constitueramus
1172 2718 1393 2797 defensione
1407 2737 1446 2795 et
1457 2720 1728 2811 mundeburdo

301 2868 412 2957 atque
428 2850 677 2927 immunitatis
688 2850 866 2941 tuitione,
882 2877 1031 2927 necnon
1049 2875 1183 2967 omnes
1200 2848 1314 2929 cellas
1327 2866 1365 2925 et
1378 2849 1483 2927 villas
1497 2879 1564 2927 seu
1580 2871 1727 2929 ceteras

299 2962 674 3087 possessionesque
700 2979 737 3056 in
763 2978 999 3087 quibuslibet
1024 2980 1127 3088 pagis
1150 2997 1189 3056 et
1209 2979 1408 3057 territoriis
1428 2979 1522 3059 infra
1543 2981 1727 3059 ditionem

300 3113 407 3218 regni
418 3112 537 3188 nostri
555 3110 788 3201 consistunt3
805 3127 849 3187 ut
861 3138 931 3187 nec
941 3136 1015 3188 nos
1027 3134 1157 3216 neque·
1165 3138 1398 3189 successores
1408 3114 1526 3190 nostri
1541 3112 1728 3190 divideret

300 3258 366 3317 aut
376 3241 416 3318 in
434 3240 527 3318 alios
539 3266 629 3318 usus
637 3255 889 3333 converteret,
903 3236 1022 3348 utque
1036 3240 1178 3318 familia
1194 3242 1366 3349 ejusdem
1379 3245 1596 3321 monasterii
1609 3245 1726 3322 nullis

164 3460 171 3476 Ι
301 3370 522 3448 hominibus
541 3370 715 3447 rodemm
744 3372 869 3463 daret,
890 3372 1007 3478 regali
1030 3373 1250 3449 auctoritate
1271 3374 1575 3467 decreveramus;
1594 3393 1725 3480 petens

300 3513 343 3575 ut
358 3502 523 3577 eandem
534 3518 700 3578 nostram
721 3503 984 3579 auctoritatem
1001 3530 1070 3579 suo
1091 3528 1243 3608 quoque
1260 3503 1415 3583 nomine
1434 3504 1603 3580 renovari
1614 3504 1726 3612 jube-

301 3654 439 3708 remus.
460 3632 535 3708 Nos
557 3631 703 3737 itaque,
726 3632 775 3707 0b
800 3660 969 3708 amorem
992 3631 1158 3708 divinum
1182 3649 1220 3708 et
1238 3633 1484 3709 reverentiam
1514 3632 1724 3713 eorundem

300 3778 533 3850 sanctorum,
551 3762 812 3838 auctoritatem
829 3766 995 3839 nostram
1014 3763 1110 3840 circa
1128 3764 1294 3843 eundem
1313 3764 1441 3843 locum
1450 3765 1625 3849 renovari
1640 3796 1725 3842 cen-

301 3892 463 3982 suimus,
491 3906 530 3966 et
557 3918 600 3966 ea
624 3919 706 3995 quae
726 3890 805 3966 illic
825 3891 974 3967 decreta
1000 3890 1150 3969 fuerant
1173 3897 1347 3999 praesenti
1368 3896 1480 3973 etiam
1508 3898 1725 3975 auctoritate

301 4020 490 4098 roborare.
505 4020 685 4108 Proinde,
698 4018 768 4094 bos
783 4036 933 4095 nostros
946 4022 1091 4128 regales
1107 4023 1230 4127 apices
1245 4026 1326 4100 fieri
1338 4026 1535 4132 jussimus,
1548 4057 1617 4135 per
1632 4057 1726 4134 quos

301 4176 532 4228 successores
553 4165 703 4225 nostros
721 4150 990 4241 admonemus,
1005 4170 1068 4244 nt,
1088 4153 1183 4230 sicut
1202 4154 1374 4260 predicto
1391 4160 1619 4234 monasterio
1637 4185 1726 4234 con-

302 4280 498 4370 cessimus,
525 4281 576 4356 ita
591 4276 649 4355 illi
667 4297 790 4356 ratum
813 4296 851 4356 et
869 4281 1001 4358 stabile
1021 4311 1243 4387 permanere
1259 4286 1495 4388 permittant;
1521 4305 1564 4363 nt
1582 4287 1725 4364 nullam

302 4410 524 4487 divisionem
538 4411 577 4485 in
591 4411 820 4488 monasterio
838 4428 903 4488 aut
919 4411 1026 4491 cellis
1040 4440 1108 4491 seu
1119 4415 1264 4491 caeteris
1278 4416 1577 4520 possessionibus
1590 4417 1727 4494 faciant

301 4558 365 4618 aut
379 4541 501 4617 facere
518 4543 752 4647 permittant,
776 4560 840 4619 aut
859 4543 898 4618 in
919 4543 1014 4621 elios
1032 4570 1123 4639 utus
1143 4564 1398 4652 retorqueant.
1421 4549 1499 4626 sed
1515 4567 1553 4626 et
1569 4550 1642 4626 hoc
1659 4576 1726 4656 per

301 4671 372 4747 hos
382 4671 525 4779 regales
541 4673 663 4778 apices
678 4674 865 4751 sancimus
878 4692 988 4782 atque
1006 4676 1262 4769 decernimus,
1279 4695 1320 4755 ut
1337 4679 1466 4758 nullus
1474 4681 1592 4788 judex
1606 4679 1727 4786 publi-

300 4829 366 4879 cus
384 4817 449 4879 aut
461 4801 640 4908 quislibet
655 4830 700 4880 ex
708 4803 906 4911 judiciaria
920 4823 1122 4911 potestate,
1139 4808 1178 4885 in
1194 4807 1362 4915 ecclesiis
1376 4810 1542 4889 autlocis
1557 4809 1726 4916 vel-agris
