4478 5842
302 483 378 565 tto
592 475 607 559 f
659 481 1062 563 ¹CHARTULARIUM
1094 478 1377 559 SITHIENSE.

303 620 375 712 bus
395 620 557 725 qualiter
570 621 619 697 sit
634 639 801 727 ereptum
820 640 858 698 et
883 624 970 728 quia
994 621 1170 707 immensi
1188 619 1369 726 ponderis
1387 617 1535 699 vincula
1556 615 1723 705 fuerant,

304 779 348 826 ex
367 778 445 829 uno
466 751 581 828 anulo
597 751 694 835 duos
712 751 818 841 lecit,
835 752 934 831 etad
952 752 1131 829 Sanctum
1148 750 1423 840 Andomarum,
1441 747 1480 828 in
1491 746 1722 837 ntundnan,

303 880 420 968 venit,
444 908 604 986 eosque,
627 881 665 956 in
688 899 890 986 conspectu
913 881 1009 986 ejus,
1033 881 1176 957 cunctis
1192 879 1481 971 admirantibus,
1505 897 1588 955 ante
1609 879 1723 956 altare

302 1012 491 1115 appendit.

892 1228 1129 1302 LXXXIX.

536 1447 574 1485 DE
595 1445 728 1489 uectura
749 1446 848 1489 saecu
872 1448 955 1488 Portu
978 1449 1008 1488 nt
1031 1447 1180 1495 GAXDAVO,
1204 1447 1386 1489 nttnutntunt
1411 1447 1505 1487 utera.

359 1645 469 1725 Anno
484 1643 598 1722 Verbi
616 1644 795 1721 incarnati
812 1642 1015 1725 millesimo
1033 1644 1237 1722 centesimo
1252 1643 1412 1748 septimo
1428 1644 1594 1737 decimo,
1610 1632 1728 1721 eccle-

303 1774 355 1851 sia
379 1774 495 1849 sancti
523 1773 622 1849 Petri
649 1772 688 1848 in
715 1772 910 1862 Gandavo,
932 1773 1161 1880 jamdudum
1187 1790 1265 1849 tam
1287 1772 1448 1881 regulari
1473 1773 1723 1875 districtione,

303 1932 414 2009 quam
433 1901 647 1988 liberalium
660 1903 798 1989 artium
812 1901 1008 1989 nobilitata
1022 1903 1254 1993 eruditione,
1273 1903 1367 1983 adeo
1381 1920 1473 1980 tunc
1484 1904 1665 2009 temporis
1677 1904 1725 1983 ab

302 2051 464 2139 utroque
485 2052 679 2140 pastorum
698 2033 840 2135 incuria
867 2034 1074 2123 deciderat,
1095 2050 1137 2110 ut
1158 2032 1253 2110 inibi
1274 2061 1446 2111 cerneres
1463 2033 1585 2111 tocius
1606 2034 1726 2113 disso-

304 2164 460 2253 lutionis
486 2165 707 2245 confluxisse
732 2164 937 2253 sentinam,
967 2192 1034 2270 per
1056 2160 1324 2241 'honorabilem
1348 2163 1469 2241 virum
1483 2162 1724 2274 rimoldum,

305 2294 475 2399 ejusdem
496 2293 713 2381 monasterii
734 2293 924 2383 abbatem,
947 2294 1200 2391 reilluminata
1221 2311 1288 2371 est.
1311 2294 1386 2391 Qui
1408 2294 1455 2370 de
1476 2292 1727 2375 nobilioribus
1750 2273 1752 2277 Ι

304 2424 426 2517 tocius
440 2424 659 2501 Bracbantie
681 2424 884 2519 oriundus,
901 2424 1093 2505 electione
1108 2424 1285 2501 concordi
1302 2423 1475 2515 fratrum,
1495 2424 1536 2500 in
1551 2422 1725 2509 abbatem

305 2571 552 2644 consecratur.
573 2555 675 2632 Dum
692 2554 738 2631 ab
758 2553 935 2633 omnibus
956 2554 1003 2631 de
1025 2554 1206 2661 religione
1228 2551 1499 2660 desperaretur,
1520 2554 1619 2659 cepit
1639 2583 1727 2659 pru-

306 2687 439 2762 denter
458 2715 575 2792 penes
599 2714 638 2762 se
660 2703 835 2773 tractare,
854 2684 990 2762 vitulos
1013 2684 1235 2775 indomitos,
1260 2702 1388 2761 contra
1404 2682 1601 2761 stimulum
1619 2683 1729 2763 disci.-

304 2814 409 2920 pline
430 2843 579 2920 sempor
597 2815 888 2904 recalcitrantes,
912 2815 1086 2922 subjugo
1100 2813 1280 2922 regularis
1302 2840 1451 2909 norme,
1469 2829 1590 2893 aratro
1607 2812 1730 2890 domi-

305 2944 391 3019 nico
412 2971 489 3019 non
512 2943 618 3019 facile
647 2973 755 3048 posse
783 2946 957 3051 coaptari.
979 2946 1095 3040 Quod
1122 2963 1165 3024 ut
1193 2943 1389 3050 quomodo
1418 2959 1560 3048 posset,
1583 2958 1728 3049 patrem

305 3070 550 3147 Lambertum
572 3072 744 3147 consulit.
767 3072 920 3149 Adeunt
938 3073 1050 3150 ambo
1071 3073 1299 3157 Balduinum
1317 3100 1477 3179 puerum
1499 3090 1537 3151 et
1551 3072 1728 3156 Clemen-

304 3202 395 3287 tiam
417 3217 594 3292 matrem,
618 3202 682 3308 qui
703 3201 888 3285 Flandriis
907 3220 1100 3310 preerant,
1127 3221 1170 3307 ut
1189 3205 1374 3310 mergenti
1397 3206 1508 3287 Petro
1535 3222 1573 3282 et
1596 3206 1727 3287 salvum

307 3362 359 3420 me
374 3337 445 3437 fac
472 3332 662 3423 clamanti,
694 3362 780 3421 cum
804 3333 971 3421 Domino
1001 3362 1155 3427 manum
1181 3334 1393 3419 extendant.
1422 3336 1502 3411 «Ne
1530 3335 1726 3427 dubitatis,

308 3462 475 3569 «inquit,
491 3462 638 3547 modice
652 3462 759 3554 fidei,
775 3462 822 3561 de
835 3480 964 3545 nostro
980 3462 1133 3555 auxilio,
1148 3462 1270 3569 quod,
1287 3463 1496 3569 opitulante
1510 3465 1608 3553 Deo,
1622 3464 1729 3553 vohis

308 3595 374 3683 «in
390 3594 567 3671 omnibus
582 3595 702 3683 aderit
718 3612 888 3700 tempore
902 3610 1102 3701 oportuno.
1119 3631 1131 3665 ι
1153 3594 1289 3700 Sicque
1305 3593 1584 3702 dispositisque
1601 3622 1730 3673 neces-

307 3723 402 3813 saria
427 3742 533 3800 erant
554 3724 700 3823 itineri,
726 3724 866 3828 prolixo
894 3724 970 3816 die,
998 3752 1139 3823 comes,
1165 3725 1354 3809 lohannes
1379 3726 1592 3831 episcopus,
1622 3743 1728 3832 pater
1754 3722 1760 3731 ’

309 3853 545 3958 lambertus,
571 3883 656 3954 cum
680 3853 885 3951 duodecim
909 3855 987 3932 suis
1012 3853 1206 3945 fratribus,
1239 3854 1457 3941 Gandavum
1479 3855 1726 3948 conveniunt,

310 3983 402 4083 illis,
433 4011 538 4069 more
565 3983 762 4071 loliorum,
785 3984 922 4080 frustra
951 3984 1221 4081 trementibus,
1249 4003 1286 4067 et
1314 3986 1490 4069 adventui
1513 4002 1644 4071 nostro
1669 4015 1730 4077 ce·

311 4113 499 4192 dentibus.

985 4333 1068 4408 XC.

369 4523 543 4617 Quorum
568 4522 769 4605 adventum
792 4526 948 4631 quidam
973 4554 1106 4613 eorum
1132 4556 1174 4612 ot
1197 4526 1385 4631 prioribus
1407 4527 1487 4633 jam
1508 4544 1618 4609 antea
1643 4556 1731 4633 pref
1856 4498 1859 4505 ⁵

312 4679 488 4743 noscens,
519 4651 557 4727 in
584 4652 726 4743 somnis
753 4655 939 4739 sevidisse
965 4673 1122 4739 testatus
1150 4672 1206 4732 est
1235 4655 1419 4761 quosdam
1447 4656 1658 4766 incognitos
1684 4657 1728 4733 in

312 4786 428 4877 choro
455 4784 506 4861 Te
526 4783 638 4878 Deum
662 4784 841 4876 laudamus
858 4786 904 4876 ah
923 4785 1033 4869 initio
1051 4814 1171 4892 usque
1194 4785 1243 4863 ad
1262 4782 1380 4873 finem
1401 4802 1609 4878 montes,
1632 4804 1671 4867 ct
1687 4785 1726 4865 in
