4478 5842
305 481 379 551 276
656 481 1066 589 CHARTULARIllM
1092 480 1372 559 SITHIENSE.

306 618 433 707 fuere,
461 620 500 694 in
528 619 682 696 ecclesia
712 621 850 723 posuit.
875 623 922 697 Et
945 621 1100 727 insuper
1127 621 1242 726 ipsam
1274 618 1654 719 ecclesiamrmaxima
1682 646 1726 694 ex

303 766 407 852 parte
423 748 581 853 plumbo
599 751 674 856 tegi
690 748 788 827 lecit.

920 968 1116 1042 Lxxrv.
1233 1016 1248 1059 ,-

360 1169 532 1245 Exterius
556 1197 644 1246 vero
666 1169 792 1261 seoda,
814 1198 888 1276 que
902 1187 1154 1247 antecessores
1176 1171 1256 1277 ejus
1278 1170 1404 1246 minus
1428 1170 1638 1247 inconsulte
1658 1168 1760 1247 de-'

197 1356 198 1360 ,
306 1300 456 1391 derant,
480 1301 644 1377 decimas
669 1300 811 1376 alaicis
837 1329 1039 1407 possessas,
1062 1300 1188 1389 villas,
1218 1300 1408 1390 redditus,
1434 1316 1571 1392 terras,
1596 1300 1722 1389 silvas,

305 1460 380 1537 que
401 1429 460 1507 vel
475 1430 709 1539 negligenter
721 1432 874 1521 amissa,
895 1430 953 1507 vel
974 1431 1111 1536 injuste
1130 1412 1432 1536 possidebantur,
1449 1459 1581 1536 magna
1596 1430 1726 1508 indus-

305 1561 375 1638 tria
394 1561 548 1638 ecclesie
564 1561 757 1638 revocavit.

361 1676 596 1797 Susceptioni
619 1718 829 1795 pauperum
844 1689 939 1766 adeo
960 1689 1115 1766 devotus
1127 1688 1216 1781 fuit,
1238 1706 1297 1782 ut,
1318 1707 1540 1796 preteream
1561 1690 1726 1768 liberali-

304 1841 420 1899 tatem
447 1819 691 1898 humanitatis
709 1847 823 1926 quam
848 1818 1002 1897 diversis
1025 1819 1263 1924 temporibus
1285 1819 1513 1926 pauperibus
1536 1820 1723 1913 exhibuit,

306 1954 474 2031 tabulam
490 1953 614 2030 altaris
630 1968 860 2058 argenteam,
878 1948 1014 2026 diebus
1030 1947 1153 2034 lamis,
1171 1949 1220 2026 ad
1235 1950 1426 2056 egentium
1437 1979 1527 2027 usus
1543 1969 1722 2059 erogaret.

306 2083 556 2191 Hospitalitati
582 2110 678 2189 que,
702 2108 823 2186 usque
849 2080 898 2156 ad
918 2079 958 2155 id
981 2095 1152 2184 tempus,
1180 2105 1267 2188 egre
1289 2079 1737 2185 impendebatur,=tanta·
1793 2144 1798 2155 .

308 2215 446 2292 mentis
467 2213 652 2290 alacritate
673 2209 864 2301 incubuit,
892 2228 934 2287 ut
956 2209 1061 2316 quod
1082 2208 1147 2285 ifle
1169 2209 1330 2286 caritatis
1349 2211 1489 2321 intuitu
1517 2213 1722 2320 inceperat,
1814 2232 1825 2247 '

307 2345 552 2453 postmodum
581 2343 669 2418 huic
693 2341 863 2426 ecclesie,
891 2341 938 2418 ad
957 2341 1163 2417 maximum
1188 2369 1404 2449 gravamen,
1429 2372 1450 2418 a
1472 2323 1630 2448 posteris
1653 2374 1722 2449 pro

309 2478 436 2555 debito
462 2475 680 2580 exigeretur.
703 2472 790 2547 Fuit
813 2471 927 2581 igitur
955 2472 1194 2548 munimento
1217 2472 1412 2563 ortanus,
1426 2471 1527 2550 intus
1552 2503 1639 2552 vero
1664 2475 1724 2552 vel

308 2608 458 2686 utilitati
468 2604 526 2682 vel
536 2619 777 2692 ornamento,
791 2601 983 2707 acquisivit
995 2631 1070 2707 que
1085 2600 1297 2692 defuerant,
1313 2631 1429 2708 pquca
1443 2602 1720 2710 multiplicavit,

306 2740 433 2815 minus
453 2734 623 2812 decentia
647 2732 844 2808 decoravit.
1756 2829 1771 2845 ν

331 2862 334 2866 ⁴
361 2867 463 2959 Quid
495 2861 671 2940 tandem?
703 2889 771 2939 suo
800 2880 971 2968 tempore
1001 2863 1188 2942 Sithiense
1216 2863 1418 2941 cenobium
1443 2865 1482 2941 in
1508 2866 1741 2977 superbiam·

303 2997 428 3104 posuit
451 2992 687 3082 seculorum,
714 3021 827 3098 aqua
852 2994 987 3070 cecidit
1014 3023 1083 3099 per
1102 2993 1343 3072 insolentiam
1372 2993 1552 3073 filiorum.
1579 2996 1643 3090 Et,
1674 3027 1721 3075 ue

304 3127 459 3235 aliquod
482 3122 677 3232 probitatis
699 3122 897 3229 uestigium
922 3125 1018 3221 eirca
1042 3124 1235 3203 ecclesiam
1255 3126 1327 3204 sibi
1349 3128 1585 3237 commissam
1611 3128 1720 3208 illum

304 3260 506 3367 effugeret,
529 3255 803 3334 dedicationem
828 3256 908 3362 ejus
922 3255 962 3330 in
985 3256 1102 3362 capite
1125 3257 1196 3334 kal.
1224 3258 1311 3333 maii
1332 3258 1512 3352 instituit,
1535 3263 1722 3339 coaduna-

300 3392 349 3469 tis
368 3389 504 3466 comite
528 3386 693 3465 Roberto
718 3387 887 3495 juniore,
910 3381 1122 3465 Clementia
1148 3387 1353 3479 comitissa,
1378 3418 1465 3465 cum
1490 3392 1721 3498 primoribus

301 3550 398 3630 pene
419 3517 595 3598 omnibus
609 3519 730 3596 tocius
743 3517 935 3610 Flandrie,
957 3516 1004 3594 ab
1019 3517 1202 3624 episcopis
1214 3518 1386 3603 lohanne
1401 3536 1439 3596 et
1456 3520 1607 3625 Odona,
1621 3553 1721 3601 anno

304 3651 491 3729 dominice
502 3649 766 3728 incarnationis
786 3636 989 3728 millesimo
1007 3650 1213 3728 centesimo
1224 3667 1343 3742 sexto,
1361 3650 1559 3729 celebriter
1568 3650 1719 3747 laetam,

303 3802 443 3863 astante
472 3781 615 3860 ordinis
654 3780 806 3871 diversi,
832 3780 949 3857 'sexus
978 3780 1198 3887 promiscui,
1233 3781 1340 3859 etatis
1368 3781 1542 3893 ambigqe
1573 3785 1721 3891 copiosa

303 3913 566 4003 multitudine,
591 3941 675 3989 cum
703 3910 888 3989 dedicatio
910 3911 1131 4019 antiquioris
1151 3911 1305 3991 ecclesie
1325 3913 1439 3990 fuerit
1463 3913 1558 3991 circa
1571 3912 1643 3994 kat.
1662 3946 1723 3997 oc·
1747 4000 1760 4039 ,

302 4047 440 4136 tobris,
462 4064 505 4124 ut
521 4074 565 4123 ex
583 4042 746 4149 antiquis
764 4042 871 4121 libris
889 4060 926 4120 et
941 4043 1133 4121 breviariis
1153 4045 1354 4123 invenitur.
1470 4059 1473 4063 ⁴
1622 4026 1633 4043 ’

925 4298 1094 4376 LXXV.

807 4484 844 4524 DE
867 4482 1079 4526 struamus!
1103 4481 1243 4523 monaste.

359 4641 639 4734 Attrebatenses
659 4682 702 4731 ea
725 4670 946 4760 tempestate
975 4680 1102 4758 perse
1120 4649 1360 4757 potiebantur
1383 4659 1535 4763 proprio
1555 4598 1720 4766 presrilo,

304 4786 504 4868 lamberto
530 4784 698 4862 nomine.
724 4787 816 4863 Nam
846 4801 969 4874 antea,
991 4782 1038 4859 ab
1063 4781 1171 4861 obitu
1194 4781 1295 4860 beati
1321 4784 1489 4908 Vadasti,
1516 4788 1623 4895 plebs
1649 4790 1723 4868 Ca·
