4478 5842
308 452 380 527 5Δο
653 451 1058 526 CHARTULARIUM
1085 446 1364 523 SITHIENSE.

203 592 210 599 '
305 594 560 697 reprimenda,
581 593 767 698 sexaginta
781 612 856 668 tres
872 592 1039 667 marchas
1055 589 1100 665 ab
1119 590 1252 666 abbate
1270 591 1427 696 accepit3
1450 607 1502 678 et,
1520 609 1563 667 ut
1582 591 1722 696 predic·

306 743 379 798 tam
400 723 577 828 paludem
601 722 647 798 ab
669 724 842 799 omnium
867 721 1203 824 calumpniantium
1228 722 1470 825 oppressione
1493 748 1662 797 securam
1683 738 1721 797 et

305 851 461 928 liberam
486 871 736 943 conservaret,
765 880 826 927 me
854 850 1115 957 fidejussorem
1140 850 1343 927 constituit.
1370 852 1421 925 Ne
1441 867 1566 926 autem
1586 851 1660 927 hoc
1680 850 1719 924 in

305 1001 495 1086 posterum
522 983 711 1059 infirmare
736 998 929 1088 presumat
952 981 1166 1086 aliquorum
1188 979 1425 1085 improbitas,
1457 978 1545 1068 hoc,
1570 996 1645 1054 tam
1671 978 1720 1053 si-

304 1110 383 1216 gilli
406 1112 480 1185 mei
501 1111 765 1215 impressione,
785 1139 897 1215 quam
918 1109 1092 1187 fidelium
1111 1108 1263 1187 testium
1285 1108 1350 1213 qui
1370 1107 1622 1184 interfuerunt
1635 1135 1720 1184 auc-

303 1240 469 1328 toritate,
495 1240 545 1314 ita
563 1241 730 1317 roborari
751 1237 833 1314 leci.

362 1370 544 1445 «Testcsz

442 1551 630 1616 «floremus,
647 1549 807 1628 prepositus
823 1549 914 1605 saneti
927 1545 1097 1606 Audoman'.
1114 1548 1234 1614 Araxis.
1251 1547 1339 1605 abbas
1355 1548 1515 1626 Bergensis.
1531 1547 1719 1614 damarum.

492 1650 653 1730 prepositus
674 1647 710 1706 de
726 1648 873 1707 Vuatenis.
890 1647 992 1713 Wmo,
1013 1645 1185 1705 castellanus
1205 1646 1720 1726 Bergensis.R1marnus,monacus

491 1751 527 1810 de
542 1749 624 1809 Clam
639 1749 770 1807 Marisco.
788 1748 938 1807 Hsnmces
951 1748 1078 1811 llasrss,
1094 1745 1185 1805 etalii
1200 1746 1306 1827 plures.

363 1912 522 1988 «Actum
546 1925 601 1985 est
620 1936 718 1985 anno
736 1906 891 1986 Domini
911 1922 952 1984 rr⁰
970 1922 1005 1982 ο0
1022 1920 1105 1982 nxx⁰
1125 1905 1330 1981 secundo.»
1408 1892 1410 1897 ¹

932 2176 1088 2251 XVIII.

304 2382 340 2418 DE
355 2380 525 2430 QUIBUSDAM
544 2379 644 2418 FACTIS
666 2377 785 2418 assarta
800 2375 902 2417 NOSTRI
918 2376 956 2417 AD
975 2376 1149 2416 Urltlrarstt
1169 2376 1222 2417 SUE
1239 2376 1368 2418 sectasse
1389 2379 1422 2417 Er
1445 2378 1512 2418 ntus
1533 2378 1716 2419 uanescunt!

879 2477 1138 2519 enovattrtmrtsus.

360 2658 456 2735 Cmu
469 2674 526 2733 tot
542 2677 579 2733 et
591 2673 710 2733 tantas
725 2656 764 2731 in
778 2654 1022 2732 exterioribus
1036 2654 1213 2731 continue
1227 2655 1425 2732 sustineret
1442 2656 1716 2764 oppressiones,

304 2815 452 2892 semper
464 2805 590 2862 tamen
606 2785 822 2863 crescebant
833 2786 1004 2862 redditus
1019 2784 1172 2860 ecclesie
1186 2803 1224 2859 et
1239 2786 1502 2900 possessiones.
1516 2785 1719 2863 Folcardus

303 2945 465 3021 namque
485 2916 693 3003 vestiarius,
711 2914 841 2991 videns
857 2914 1028 2991 redditus
1048 2914 1095 2989 ad
1116 2913 1368 2991 ministerium
1386 2914 1457 2992 sibi
1476 2916 1718 2992 commissum

302 3045 531 3147 pertinentes
545 3045 714 3131 crevisse,
732 3044 840 3147 petiit
852 3043 898 3120 ab
912 3043 1045 3120 abbate
1060 3057 1097 3119 et
1111 3044 1339 3149 impetravit,
1354 3063 1412 3136 ut,
1429 3045 1586 3153 singulis
1596 3044 1716 3132 annis,

304 3172 483 3271 darentur
508 3171 684 3248 fratribus
710 3200 803 3248 nova
827 3171 1000 3275 pellicea,
1027 3202 1100 3277 que
1127 3189 1280 3248 eatenus
1309 3175 1381 3250 nisi
1410 3192 1495 3279 post
1522 3174 1716 3251 biennium

302 3301 442 3379 habere
464 3319 741 3379 consueverant.

358 3433 400 3509 ln
427 3431 704 3524 Clemeskerla,
731 3448 900 3537 tempore
918 3431 1087 3539 ejusdem
1113 3431 1273 3524 abbatis,
1295 3433 1514 3541 Ingramnus
1539 3460 1718 3510 monacus

303 3590 435 3639 novam
463 3580 606 3638 curtem
630 3561 806 3650 instituit,
833 3561 978 3638 ibidem
1005 3561 1152 3639 circiter
1174 3580 1325 3640 centum
1348 3564 1533 3641 mensuris
1553 3579 1651 3639 terre
1679 3579 1718 3638 et

304 3693 386 3769 aliis
410 3690 621 3768 redditibus
646 3691 792 3796 emptis.
1483 3702 1485 3707 '

360 3823 494 3899 Curtes
514 3822 560 3897 de
581 3819 705 3925 Aquin
726 3838 763 3895 et
782 3818 924 3895 Kelmis
944 3818 1025 3896 solo
1045 3837 1156 3897 tenus
1173 3821 1404 3911 combustas,
1427 3821 1531 3927 quasi
1553 3822 1600 3897 de
1619 3847 1717 3896 novo

303 3950 511 4029 reedificari
541 3949 629 4026 lecit
655 3947 784 4037 abbam
812 3948 926 4025 Arkas
952 3949 1085 4042 eciam,
1116 3953 1367 4058 Longanessa,
1397 3951 1577 4030 Vuisema
1607 3977 1717 4028 mure

303 4058 420 4157 einai
440 4078 601 4184 lapideo.

359 4210 462 4286 Fecit
485 4225 522 4284 et
544 4209 764 4285 lavatorium
789 4235 947 4293 cneum,
967 4206 1106 4286 lusoria
1126 4226 1203 4286 arte
1223 4226 1440 4315 sumptuose
1465 4208 1715 4298 elaboratum,
1801 4309 1805 4315 Ι

303 4337 424 4442 quod,
456 4339 523 4415 etsi
548 4338 726 4444 quidem,
754 4368 799 4415 eo
828 4339 992 4430 vivente,
1023 4368 1257 4446 nequaquam
1287 4357 1472 4431 erectum,
1500 4356 1537 4416 et
1568 4337 1608 4413 in
1633 4337 1717 4414 loeo
1796 4330 1807 4344 ⁴

303 4467 470 4554 claustri,
492 4467 559 4542 ubi
586 4468 729 4560 docuit,
748 4467 820 4546 Iuit
838 4469 1021 4560 locatum;
1041 4470 1207 4547 moriens
1229 4485 1355 4545 tamen
1375 4467 1529 4574 reliquit
1546 4481 1719 4571 sumptus

302 4596 350 4672 ad
372 4594 446 4672 hoc
468 4595 742 4700 perficiendum
770 4598 1000 4677 sufficienter
1028 4597 1270 4689 necessarios,
1295 4600 1391 4675 sieut
1414 4597 1569 4676 effectus
1594 4594 1716 4673 docet.
1799 4665 1801 4668 ,

357 4726 515 4839 Decreta
531 4724 715 4814 Gratiani,
732 4727 850 4807 libros
869 4729 1033 4837 magistri
1050 4728 1217 4836 Hugonis
1232 4729 1279 4806 de
1295 4728 1429 4808 Sancto
1449 4728 1616 4817 Victore,
1636 4723 1717 4832 glo·
