1194 1965
197 366 219 384 52
372 365 573 384 CHARTULARIUM
589 357 729 384 SI'I'HOENSE.

195 401 291 427 requirere
298 407 336 420 non
344 400 428 420 deberet.
435 401 489 420 Unde
496 405 515 420 et
522 401 580 427 ipsam
585 401 726 427 preceptionem
730 401 770 428 jam
775 401 820 420 dicti
825 401 906 427 parentis

195 433 254 452 nostri
260 433 379 456 Theoderici,
387 433 483 459 quondam
490 433 544 460 regis,
552 440 571 453 se
579 440 612 460 pre
618 433 705 453 manibus
713 440 735 453 ex
741 434 777 453 hoc
782 433 851 453 habere
857 433 906 452 affir-

195 470 243 488 mat,
252 470 271 485 et
278 465 333 485 nobis
340 466 360 484 in
370 465 451 492 presenti
462 473 503 485 eam
512 466 595 485 ostendit
602 466 626 485 ad
632 465 765 493 relegendum;
773 470 793 486 et
801 466 840 493 ipsa
846 466 904 485 hene—

195 499 237 518 licia
242 505 334 520 concessa,
341 498 364 517 de
373 505 397 517 eo
403 503 488 525 tempore
495 506 555 525 usque
560 506 616 522 nunc,
624 499 689 518 asserit
696 506 735 518 esse
742 503 854 519 conservata.
860 499 904 521 Sed.

195 538 229 557 pro
240 531 333 550 firmitatis
344 526 457 553 custodiam,
468 531 523 557 petiit
532 531 664 551 celsitudinem
674 536 765 554 nostram,
775 536 797 551 ut
803 532 845 554 hoc,
858 531 905 551 circa

195 564 255 589 ipsum
268 564 331 583 locum
343 568 436 586 sanctum,
447 571 480 590 per
491 564 560 583 nostris
572 564 685 583 deberemus
696 564 807 583 confirmare
818 564 903 583 oraculis<

194 596 251 620 Quod
259 603 299 619 nos,
307 600 383 622 propter
390 602 461 615 nomen
470 596 548 615 Domini
557 600 577 615 et
586 596 689 615 reverentia
696 595 754 623 ipsius
763 596 820 616 sancti
828 596 873 619 ioci,
879 596 905 615 ita

194 629 296 655 prestitisse
306 633 325 647 et
334 629 354 647 in
363 628 452 647 omnihus
462 628 582 648 confirmasse
593 629 705 655 cognoscite.
718 629 844 655 Precipientes
853 629 904 648 enim

194 662 315 688 precipimus,
327 666 348 680 ut
359 661 451 688 quicquid
464 665 536 680 constat
546 661 691 687 suprasnriptum
705 666 802 687 parentem
819 665 904 681 nostrum

193 694 331 713 Theodericum
338 709 342 716 ,
351 694 446 720 quondam
454 700 530 721 regem,
537 693 561 713 de
569 694 609 720 ipso
617 693 718 716 beneficio,
727 694 775 713 sicut
780 694 869 720 superius
877 698 905 713 est

193 727 357 753 comprehensum,
362 726 433 753 prefato
437 725 551 746 Erkenbodo
555 725 618 745 abbati
623 725 652 745 vel
657 726 780 752 suprascripto
786 726 828 748 l'oeo
833 731 903 749 sancto,

193 767 227 785 pro
233 763 332 779 aucmento
338 759 430 778 mercedis
436 766 482 782 suae,
488 759 588 781 concessit.
595 763 621 781 et,
628 758 652 778 de
658 765 680 778 eo
686 762 771 784 tempore
777 766 836 785 usque
843 766 902 782 nunc,

192 797 243 811 recto
251 792 325 811 tramite
332 792 367 811 fuit
377 796 515 814 conservatum,
524 791 549 810 ita
557 795 576 810 et
583 791 667 813 inantea,
675 791 764 817 inspectis
773 791 818 817 ipsis
827 798 904 818 precep-

192 824 275 843 tionibus
280 824 360 851 predicti
368 824 457 850 principis
462 839 466 846 ‚
474 824 522 843 sicut
526 830 562 850 per
568 824 643 843 easdem
649 823 759 846 declaratur.
764 823 790 843 ita
798 828 817 843 et
822 824 902 847 inantea,

192 864 225 883 per
231 861 317 876 nostrum
326 857 434 883 preceptum
440 856 522 883 plonius,
531 856 550 875 in
557 856 593 876 Dei
602 856 685 878 nomine,
692 856 717 875 sit
724 856 861 879 confirmatum,
868 856 902 876 sub

192 896 214 908 eo
225 889 303 912 ordine,
315 889 362 908 circa
372 889 433 915 ipsum
445 889 569 908 VVaimamm
579 888 675 912 abbatem,
685 888 715 908 vel
724 889 748 908 ad
758 889 819 915 ipsum
832 896 903 909 mona&

191 922 322 950 terium-nuum
328 921 401 944 Sithiu,
410 922 462 941 omni
470 926 564 948 tempore,
574 921 613 948 ipsa
621 921 714 941 beneficia
722 928 808 941 concessa
818 922 837 940 in
844 922 903 941 omui-

191 954 226 973 hus
238 953 311 973 valeant
325 961 364 973 esse
380 954 503 976 confirmatam
517 959 536 974 et
550 954 623 973 nullam
638 954 781 981 refragationem
794 961 828 973 nec
841 954 902 973 ulium

191 987 349 1013 impedimentum
362 994 372 1006 a
382 986 479 1013 judicibus
491 987 572 1013 publicis
586 987 654 1006 exinde
667 994 763 1013 quoquam
775 991 860 1013 tempore
873 987 903 1007 ha-

191 1019 236 1038 bere
252 1026 290 1038 non
303 1019 435 1045 pertimescant
445 1027 450 1038 z
461 1019 512 1039 unde
527 1024 545 1039 et
556 1020 595 1046 ipsa
609 1019 728 1046 congregatio
734 1035 739 1041 ,
754 1026 788 1045 pro
802 1019 902 1040 stabilitate

191 1052 243 1078 regni
253 1052 311 1071 nostri
319 1052 348 1071 vel
356 1052 415 1071 salute
423 1052 494 1079 patriae,
502 1052 579 1072 Domini
587 1051 734 1071 misericord-iam
743 1052 815 1078 jugiter
821 1052 902 1072 debeant

191 1091 272 1104 exorare.
287 1085 310 1103 Et
323 1089 344 1103 ut
360 1085 399 1104 haec
408 1085 508 1104 auctoritas
515 1083 588 1103 firmior
599 1084 695 1107 habeatur,
706 1084 735 1103 vel
742 1091 776 1111 per
786 1088 870 1111 tempora
882 1085 902 1104 in

191 1117 279 1136 omnibus
293 1121 418 1139 conservetur,
435 1124 501 1136 manus
516 1120 583 1135 nostrae
599 1116 768 1143 subscriptionibus
781 1124 822 1136 earn
837 1117 902 1137 subter

191 1149 307 1168 decrevimus
316 1149 414 1169 affirmare.

917 680 929 690 Δ

218 1206 224 1213 -ι
232 1196 310 1223 Signum
324 1195 401 1222 gloriosi
413 1196 462 1223 regis
474 1196 574 1215 Httnzmci.

218 1247 224 1254 «
231 1238 279 1257 Data
287 1237 363 1264 quando
371 1237 414 1257 facit
423 1227 476 1264 april.
485 1238 525 1257 dies
533 1244 585 1261 xxm,
592 1245 642 1258 anno
650 1238 711 1265 primo

188 1271 241 1298 regni
252 1270 318 1293 nostri,
326 1270 418 1291 Crisciaco
428 1270 506 1298 palatio,
516 1271 535 1290 in
543 1271 579 1290 Dei
585 1271 663 1291 nomine
671 1271 712 1291 seli—

189 1304 240 1323 citer.
255 1304 321 1323 Amen.
332 1314 339 1320 ι
