4478 5842
593 484 720 558 PARS
754 481 925 555 PRIMA.
944 525 994 538 —-
1011 481 1263 570 FOLQUINI
1289 484 1383 555 LIB.
1411 487 1438 554 l.
1673 486 1719 558 [15
1749 534 1752 541 .

307 626 446 702 habere
461 623 622 702 videtur.
640 625 679 703 Si
690 622 784 701 lacta
798 639 998 731 parentum
1010 639 1239 717 nostrorum,
1253 651 1335 729 quae
1347 625 1396 700 ad
1411 622 1492 700 loca
1506 642 1719 704 sanctorum

305 756 559 862 praestiterunt
572 755 630 834 vel
647 771 923 842 concesserunt,
938 780 1006 859 per
1023 770 1151 830 nostra
1166 753 1314 831 oracula
1327 754 1605 847 confirmamus,
1623 758 1722 864 regia

274 956 279 965 .
305 887 578 963 consuetudine
593 912 827 975 exercemus3
844 883 916 960 hoc
931 883 1037 975 ideo,
1054 901 1097 960 ut
1112 884 1222 961 nobis
1239 883 1286 960 ad
1300 884 1453 962 laudem
1469 885 1527 961 vel
1542 884 1723 962 stabilita-

303 1033 382 1091 tem
396 1014 504 1124 regni
518 1016 648 1106 nostri,
666 1016 704 1090 in
715 1013 786 1093 Dei
798 1013 964 1104 nomine,
977 1014 1166 1119 pertinere
1183 1013 1427 1091 confidamus.
1443 1015 1723 1122 Igiturvenera-
1851 1068 1854 1073 ·

303 1143 391 1222 bilis
416 1145 472 1221 vir
494 1144 759 1232 Erkenbodus,
781 1143 895 1219 abbas
920 1143 966 1219 de
986 1143 1215 1219 monasterio
1237 1143 1380 1230 Sithiu,
1408 1143 1472 1248 qui
1495 1146 1608 1221 estin
1627 1175 1722 1255 pago

304 1276 552 1363 Tarnanensi,
576 1277 616 1351 in
632 1275 777 1351 honore
796 1269 929 1350 sanctae
944 1273 1085 1366 Mariae,
1100 1272 1290 1379 genitricis
1305 1273 1463 1351 Domini
1478 1275 1595 1351 nostri
1609 1277 1724 1354 Jhesu

305 1405 458 1496 Christi,
475 1432 625 1482 necnon
645 1420 684 1480 et
698 1402 814 1481 sancti
830 1403 930 1479 Petri
952 1419 990 1479 et
1009 1401 1114 1478 Pauli
1133 1402 1405 1508 apostolorum,
1427 1402 1485 1479 vel
1504 1415 1723 1483 caeterorum

305 1533 535 1613 domnorum
551 1550 784 1623 sanctorum,
803 1549 1054 1620 constructus,
1072 1530 1120 1606 ad
1135 1550 1303 1609 nostram
1317 1533 1469 1610 accessit
1482 1537 1720 1638 presentiam.

304 1663 523 1742 Clementia
535 1665 642 1770 regni
655 1662 773 1740 nostri
786 1662 982 1771 suggessit,
999 1689 1044 1738 eo
1055 1662 1161 1767 quod
1175 1689 1340 1767 proavus·
1349 1678 1477 1738 noster
1492 1662 1721 1758 Clodoveus,

303 1796 496 1900 quondam
511 1823 587 1884 rex,
601 1795 648 1884 de
662 1794 841 1871 omnibus
858 1794 974 1872 curtis
986 1793 1045 1870 vel
1060 1793 1158 1869 villis
1171 1793 1288 1897 ipsius
1301 1794 1531 1882 monasterii,
1544 1796 1723 1902 quicquid

304 1925 440 2002 eodem
459 1943 631 2028 tempore
648 1923 908 2028 possidebant,
930 1941 995 1999 aut
1014 1923 1137 1999 adhuc
1155 1923 1306 1999 inantea
1326 1948 1551 2000 eumunere
1572 1952 1720 2032 regum,

303 2053 361 2129 vel
387 2055 433 2131 de
454 2053 599 2131 collatis
611 2052 745 2159 populi
762 2079 829 2129 seu
849 2051 897 2128 de
913 2066 1139 2156 comparato,
1157 2069 1222 2127 aut
1240 2053 1287 2127 de
1309 2054 1578 2157 comparando,
1595 2074 1660 2133 aut
1676 2059 1722 2135 de

303 2164 477 2290 quolibet
504 2183 688 2275 adtracto,
711 2182 752 2259 in
771 2181 1005 2288 quibuslibet
1034 2182 1139 2288 pagis
1163 2196 1276 2289 atque
1300 2183 1516 2274 territoriis,
1548 2184 1642 2260 inibi
1669 2205 1724 2264 est

302 2312 474 2390 additum
493 2314 553 2391 vel
575 2313 771 2405 collatum,
798 2314 943 2420 integra
974 2312 1195 2404 emunitate,
1217 2310 1451 2390 antecessori
1481 2339 1549 2389 suo
1567 2314 1721 2393 Bertino

302 2445 520 2549 quondam,
538 2445 596 2522 vel
620 2444 669 2521 ad
691 2443 905 2550 predictum
928 2444 1199 2520 monasterium
1221 2442 1362 2532 Sithiu',
1390 2444 1655 2536 concessisset3
1680 2463 1724 2522 ut

302 2573 429 2653 nullus
435 2575 554 2682 judex
567 2572 741 2681 publicus
753 2573 897 2649 ibidem
911 2574 1100 2679 adcausas
1108 2572 1313 2648 audiendas
1324 2590 1388 2648 aut
1397 2571 1489 2649 freta
1503 2574 1720 2668 exactanda,

300 2704 359 2783 vel
379 2706 620 2813 fidejussores
639 2703 935 2795 tollendos,'·uec
952 2698 1167 2778 mansiones
1186 2718 1412 2806 autparatas
1427 2701 1632 2791 faciendas,
1654 2733 1723 2782 nec

300 2836 477 2935 hemines
502 2834 618 2938 ipsius
638 2832 873 2923 monasetrii,
895 2850 973 2909 tam
998 2833 1183 2939 ingenuos
1208 2860 1322 2938 quam
1349 2849 1388 2908 et
1410 2832 1633 2926 servientes,
1657 2838 1723 2943 qui

301 2984 415 3071 super
426 2952 541 3041 terras
556 2992 641 3042 suas
657 2979 913 3054 commanent,
937 2961 1233 3071 distringendos,
1251 2989 1321 3040 nec
1336 2961 1460 3039 nullas
1475 2962 1723 3044 redibitiones

300 3090 546 3202 requirendas
561 3102 631 3171 nec
644 3092 873 3187 exactandas,
883 3092 1083 3207 judiciaria
1095 3110 1258 3200 potestas
1273 3091 1416 3170 ibidem
1429 3094 1627 3203 ingredere
1643 3124 1721 3174 non

299 3242 505 3332 presumat,
522 3225 594 3302 nisi
611 3224 680 3301 sub
697 3223 916 3302 emunitatis
927 3225 1099 3316 nomine,
1121 3223 1423 3329 omnitempore,
1441 3254 1527 3301 cum
1544 3227 1722 3305 omnibus

299 3354 404 3434 fretis
419 3356 612 3444 concessis,
636 3380 721 3463 pars
740 3355 857 3460 ipsius
876 3331 1093 3433 monasterii
1106 3342 1350 3460 perhenniter
1366 3356 1501 3433 debeat
1514 3358 1718 3462 possidere.

301 3487 408 3564 Unde
421 3505 458 3564 et
473 3487 716 3593 preceptione
726 3486 845 3594 ipsius
857 3486 1039 3593 principis
1052 3486 1177 3591 proavi
1189 3486 1307 3562 nostri
1321 3484 1514 3577 Clodovei,
1531 3505 1569 3563 et
1584 3485 1720 3565 confir-

300 3615 530 3694 mationibus
540 3617 795 3723 preoelsorum
811 3616 1083 3700 avunculorum
1098 3632 1313 3693 nostrorum
1326 3615 1552 3692 Clothacarii
1568 3634 1606 3693 et
1616 3617 1721 3696 Chil-

302 3747 433 3838 derici,
455 3777 522 3826 seu
545 3765 582 3825 et
601 3776 754 3826 avorum
780 3764 999 3827 nostrorum
1024 3746 1250 3825 Theoderici
1270 3761 1308 3823 et
1328 3746 1582 3837 Childeberti,
1609 3765 1718 3854 atque

301 3877 516 3955 consobrini
538 3878 656 3957 nostri
678 3877 882 3982 Chilperici
903 3878 1094 3982 quondam
1111 3879 1225 3985 regis,
1252 3905 1295 3954 ex
1310 3879 1382 3955 hoc
1399 3907 1466 3983 pre
1486 3878 1660 3956 manibus
1679 3909 1717 3956 se

299 4006 439 4084 habere
467 4007 642 4098 affirmat,
675 4023 712 4082 et
741 4005 845 4111 quod
872 4004 953 4109 ipsa
978 4006 1161 4082 beneficia
1192 4033 1365 4083 concessa
1395 4007 1515 4085 abeo
1547 4013 1718 4115 tempore

172 4210 178 4221 .,
299 4132 421 4242 usque
433 4162 537 4211 nunc
552 4133 748 4243 videantur
760 4160 839 4212 esse
855 4150 1088 4227 conservata;
1106 4134 1188 4226 sed,
1208 4163 1276 4241 pro
1295 4135 1506 4244 integritate
1523 4139 1716 4229 firmitate,

299 4266 411 4373 periit
421 4266 636 4345 eelsitudini
650 4248 791 4347 nostrie
806 4283 1037 4344 memoratus
1051 4265 1300 4368 Erlrepbodus
1314 4266 1443 4359 abbas,
1461 4283 1505 4344 ut
1517 4269 1605 4360 hoc,
1624 4271 1719 4349 circa

299 4396 424 4504 ipsum
439 4397 581 4489 locum,
597 4427 666 4505 per
677 4416 846 4477 nostram
863 4398 1140 4488 auctoritatem,
1158 4398 1307 4504 plenius
1321 4399 1360 4474 in
1376 4398 1447 4478 Dei
1462 4399 1618 4476 nomine
1630 4428 1719 4480 con-

302 4528 451 4606 firmare
464 4528 699 4609 deberemus.
714 4529 831 4638 Cujus
842 4529 1029 4637 petitioni,
1046 4558 1115 4636 pro
1130 4531 1315 4608 mercedis
1327 4546 1462 4608 nostrae
1476 4551 1718 4639 augmentum

300 4657 360 4736 vel
375 4661 581 4738 reverentia
600 4662 715 4767 ipsius
730 4660 951 4751 sancti'loci,
977 4661 1028 4738 ita
1047 4662 1252 4769 prestitisse
1273 4664 1364 4740 etin
1385 4662 1562 4741 omnihus
1582 4662 1718 4741 confir-

303 4816 421 4869 masse
434 4791 657 4900 cognoscite.
674 4791 928 4898 Pracipientes
944 4792 1045 4872 enim
1061 4793 1306 4902 precipimus,
1323 4810 1366 4870 ut
1382 4794 1562 4900 quicquid
1575 4808 1717 4870 constat
