4478 5842
893 432 1169 509 PROLUDIA'.

715 570 925 647 Venerantes
944 572 1119 646 Christum
1130 578 1203 670 pie,
1316 630 1319 635 -

714 691 897 765 Modulatis
913 696 1077 781 vooibue,

715 810 788 903 Qui
796 813 976 885 Bertinum
995 817 1204 898 sublimavit,

715 933 901 1006 Coronavit
913 950 947 1006 et
959 936 1091 1016 beavit,

713 1054 802 1125 Cum
814 1056 922 1126 beatis
932 1057 1076 1128 civibus.

714 1175 860 1247 Sanctus
875 1177 990 1249 inhec
1006 1181 1076 1250 vita
1090 1179 1233 1276 degens,

713 1296 861 1392 Semper
879 1322 1021 1392 pauper,
1041 1320 1220 1393 nunquam
1238 1324 1355 1395 egens‚

713 1417 852 1511 Sprevit
868 1441 1035 1512 pompam
1048 1419 1172 1498 seculi3

713 1539 852 1633 Sprevit
864 1537 1053 1622 mundum,
1067 1539 1197 1634 sprevit
1212 1564 1315 1617 vana,

714 1659 891 1732 Christum
909 1684 1009 1730 orans
1024 1674 1141 1733 mente
1154 1685 1235 1731 sena
1441 1638 1445 1643 ι

713 1779 782 1850 Pro
797 1780 903 1850 seinte
918 1781 1051 1876 popuii.

711 1900 840 1974 Contra
855 1904 1211 1999 morem-nev'gantis,

714 2022 788 2094 Sibi
801 2024 919 2093 locum
932 2021 1107 2120 adoptavit

710 2142 906 2239 Educandis
918 2144 1086 2242 gregibus.
1105 2190 1110 2198 ·

712 2265 802 2337 Vino
818 2265 911 2347 dato,
929 2264 1215 2369 egnatclaudum

713 2386 804 2457 Hinc
820 2385 888 2456 dux
901 2384 1001 2457 offert
1014 2385 1105 2459 dena
1114 2385 1258 2458 laudum

715 2507 847 2578 Sanctis
858 2509 894 2576 in
910 2507 1104 2581 celestibus.

601 2718 604 2723 ¹
711 2630 942 2702 Demoniacus
956 2645 1102 2710 sanatur,

713 2749 886 2844 Fugitivus
900 2752 977 2845 paci
992 2749 1101 2834 detur,
1138 2804 1163 2819 .-
1272 2786 1276 2793 ·

713 2870 823 2941 Cecus
836 2869 960 2965 gaudet
972 2872 1114 2941 lumine.

715 2990 899 3062 Laboranti
913 3016 1031 3061 sensus
1045 2990 1155 3073 datur,

715 3110 932 3182 Architector
949 3111 1145 3206 gratulatur

715 3231 820 3304 Liber
838 3233 1078 3328 agravamine.

713 3351 912 3436 OBertine,
933 3355 1112 3449 piepater‚
1220 3347 1225 3352 ’

712 3476 839 3550 Nenos
857 3475 993 3573 frangat
1003 3476 1141 3549 Demon
1155 3489 1235 3558 ater,

714 3595 889 3671 Conserva
908 3598 1139 3693 precamine.··

669 3766 672 3775 -
715 3706 1271 3799 Ubiscimustetranstatim‚·.

713 3840 819 3914 Nobis
837 3842 954 3912 locum
970 3853 1216 3936 peragratum,
1300 3892 1303 3897 -

712 3964 753 4034 In
768 3963 885 4033 celesti
899 3962 1043 4032 lumine.

712 4083 819 4157 Adest
837 4082 909 4154 dies
924 4081 1140 4178 triumphalis

711 4206 752 4276 In
765 4231 832 4302 qua
844 4202 955 4275 laudis
969 4205 1124 4299 speciaiis

562 4405 565 4410 ,
712 4325 772 4396 Est
782 4326 943 4398 Bertinus
954 4323 1152 4419 principalis
1179 4370 1182 4375 -

712 4448 822 4522 causa
836 4461 871 4517 et
884 4446 1037 4516 maten'a.
1163 4496 1182 4509 .-

712 4572 870 4668 Regnum
887 4564 1082 4649 mmffiib
1098 4554 1245 4663 respuit,

714 4691 837 4764 Solum
853 4691 1034 4787 proprium
1051 4688 1205 4770 rennuit;
1293 4740 1296 4745 -

711 4812 783 4891 Nec
801 4812 912 4883 tenuit
923 4834 1029 4907 quem
1042 4809 1162 4907 genuit
1246 4856 1253 4878 .-
