4478 5842
322 480 393 552 lssd
669 477 1073 550 CHARTULARIUM
1103 477 1411 550 SITHIENSE..

317 619 430 694 Arkes
450 635 611 694 etvetus
630 617 919 710 monasterinm,
943 632 996 705 et,
1018 618 1056 692 in
1077 612 1240 706 oriente,
1260 616 1360 692 inter
1373 633 1481 693 vetus
1496 614 1677 694 fossatum
1694 616 1734 693 in

316 747 405 824 silva
424 764 462 824 et
480 747 521 823 in
536 744 787 853 Hindringeld
803 762 840 821 et
858 762 1040 822 vetustam
1056 747 1178 835 Mete,
1198 762 1327 851 atque,
1342 746 1383 821 in
1398 745 1622 836 occidente,
1635 746 1734 823 iuter
1787 831 1792 840 ,

311 877 426 954 Esled
447 893 485 954 et
507 875 680 983 Kergele,
702 903 851 952 necnon
872 874 1057 966 Morlsla,
1074 893 1112 952 et
1127 876 1295 952 Simonis
1314 875 1412 965 Led,
1424 876 1550 982 jecere
1569 874 1733 955 dinosci*

312 1025 386 1094 tur,
410 1007 581 1113 predicto
605 1004 1032 1212 Gerbodonetvoceto
1053 1005 1304 1094 concedente,
1321 1004 1558 1109 quissencto
1577 1004 1730 1084 Benna

312 1136 447 1213 virenti
465 1136 505 1211 in
523 1163 681 1240 corpore
696 1135 838 1211 traditu
892 1151 985 1225 erat,
1004 1150 1056 1223 et,
1079 1162 1198 1241 usque
1218 1136 1267 1213 ad
1282 1135 1352 1211 bec
1366 1151 1555 1240 tempore,
1577 1133 1731 1215 ecclesia

311 1266 585 1372 ipsiusmodi,
613 1264 753 1370 absque
781 1264 1075 1341 contradictione
1104 1263 1283 1370 qualibet,
1310 1263 1429 1346 libere
1451 1280 1491 1345 et
1513 1264 1730 1347 inconcusse

311 1398 494 1503 possedit;
516 1425 556 1471 ee
576 1395 764 1501 quidquid
784 1393 881 1471 inita
899 1411 1115 1499 prenotatos
1134 1394 1317 1472 terminos
1336 1394 1377 1472 in
1396 1392 1579 1499 piscariis,
1600 1393 1729 1497 protis,

312 1529 471 1633 pascuis,
498 1527 571 1601 sive
598 1526 636 1600 in
661 1523 821 1613 aliorum
846 1524 972 1605 terris,
997 1523 1037 1599 in
1057 1523 1219 1627 presenti
1244 1522 1419 1601 utilitatis
1437 1539 1508 1612 est,
1529 1521 1588 1598 rel
1606 1522 1731 1628 quoli-

311 1655 376 1733 bet
410 1656 526 1732 modo
552 1654 751 1730 accreverit
781 1653 821 1729 in
854 1652 1042 1761 funerum,
1071 1652 1239 1757 predicte
1266 1653 1449 1740 ecclesie,¹
1468 1651 1732 1757 propriistui·

310 1788 383 1864 bus
410 1784 651 1891 profuturum
675 1783 877 1870 confirmo;
898 1783 948 1858 ita
973 1810 1079 1873 sane,
1107 1799 1152 1858 ut
1169 1781 1266 1862 nulli
1286 1783 1487 1863 bominum
1506 1781 1617 1861 liceat
1641 1782 1731 1863 iste

311 1915 381 1991 sibi
404 1914 614 2020 quidquam
630 1910 728 2018 juris
739 1908 954 2003 vendicare‘,
976 1911 1047 1987 nisi
1067 1910 1173 2017 quod
1192 1939 1260 2016 per
1278 1911 1511 1992 voluntatem
1530 1910 1674 1991 abbatis
1694 1931 1731 1990 et

312 2043 464 2149 capituli
484 2041 653 2149 legitime
674 2041 893 2146 optinuerit.
915 2042 983 2117 llis
1003 2041 1055 2116 ita
1077 2041 1243 2134 statutis,
1269 2042 1452 2120 concessis
1475 2057 1514 2117 et
1533 2041 1731 2121 confirme-

309 2175 373 2265 tis,
404 2172 501 2250 illud
526 2199 678 2278 quoque
703 2170 886 2252 subscribi
913 2188 951 2249 et
975 2171 1217 2251 determinari
1246 2171 1403 2276 placuit,
1427 2171 1643 2276 quomodo,
1674 2173 1731 2247 in·

309 2303 542 2383 terreniente
563 2304 757 2409 Drogone,
785 2301 1082 2381 Tarnanensium
1104 2299 1271 2408 presule,
1298 2319 1336 2383 et
1360 2300 1552 2405 sepedicto
1574 2299 1727 2392 abbate,

311 2451 350 2510 et·
365 2434 535 2538 predicto
552 2432 794 2518 Gerbodone,
812 2431 1001 2522 advocato,
1023 2459 1215 2512 assensum
1229 2431 1429 2537 prebente,
1447 2431 1609 2535 spanum
1623 2459 1730 2511 meu·

309 2594 395 2641 sure
415 2564 499 2643 atrii
516 2581 555 2641 et
568 2563 682 2640 curtis
698 2561 813 2638 sancti
827 2561 968 2639 Bertini
991 2561 1114 2639 taliter
1134 2561 1352 2641 divisimus:
1371 2559 1526 2651 scilicet,
1544 2578 1588 2636 ut
1609 2589 1728 2668 usque

310 2694 357 2770 ad
390 2696 560 2772 medium
593 2693 694 2770 llurii
724 2692 792 2799 qui
820 2691 959 2772 dicitur
989 2692 1174 2799 Agniona,
1206 2720 1282 2797 quo
1316 2690 1600 2783 circumfluente
1624 2689 1727 2771 idem

309 2824 510 2900 cenobium
540 2824 711 2930 cingitur,
745 2823 908 2928 spatium
936 2851 1115 2905 mensure
1142 2823 1226 2909 atrii
1252 2822 1423 2929 ejusdem
1452 2821 1527 2899 sive
1551 2822 1667 2898 curtis
1688 2822 1728 2899 in

310 2952 467 3032 circuitu
486 2951 737 3055 protenditur,
755 2967 792 3026 et
810 2950 906 3027 infre
927 2970 1120 3028 manentes
1138 2951 1187 3027 ub
1206 2952 1312 3033 omni
1332 2951 1499 3057 potentie
1521 2966 1559 3026 et
1579 2950 1728 3057 justitie

309 3079 420 3156 liberi
445 3096 622 3158 maneant
641 3095 679 3154 et
698 3078 834 3182 quieti,
860 3095 903 3156 et
922 3097 1067 3156 tantum
1099 3078 1223 3161 abbati
1249 3082 1297 3157 de
1320 3080 1583 3184 componenda
1607 3079 1730 3186 eujus·

309 3236 462 3314 cunque·
480 3208 620 3312 negotii
640 3207 832 3289 causevel
852 3208 1100 3292 institutionis
1124 3237 1258 3293 eorum
1281 3209 1665 3301 rationemreddant,
1692 3226 1730 3286 et

308 3339 430 3445 ipsum
452 3337 660 3416 consulant.
688 3337 774 3429 Que
799 3337 931 3414 divisio
955 3338 1034 3416 sire
1058 3338 1264 3429 institutio,
1278 3317 1324 3415 *ut
1348 3338 1484 3445 majori
1508 3339 1728 3417 auctoritate

307 3469 514 3559 fulciretur,
544 3497 699 3574 corpore
728 3485 943 3549 sanctorum
973 3469 1186 3551 Audemeri:
1207 3487 1247 3547 et
1272 3469 1414 3551 Bertini
1442 3470 1525 3545 nari
1554 3468 1728 3574 imposita

307 3599 521 3711 predictum
539 3626 607 3703 per
629 3598 785 3681 lindum
810 3598 848 3673 in
863 3616 1006 3679 ‚nostro
1023 3600 1200 3705 potentie
1212 3598 1442 3681 circumduci
1461 3597 1639 3694 lecimus,
1656 3599 1729 3704 spi

308 3758 421 3835 scopo
440 3730 618 3834 Drogone
641 3728 687 3806 ab
712 3729 791 3833 ipsa
816 3729 896 3807 navi
921 3757 1056 3835 aquom
1078 3728 1467 3814 benedictamersus
1483 3729 1627 3808 atrium
1640 3757 1728 3834 prn-

301 3861 474 3967 jieiente,
493 3877 549 3950 et,
571 3860 644 3936 boe
662 3859 796 3951 modo,
812 3876 998 3966 quantum
1013 3858 1251 3964 estepanum
1270 3856 1487 3942 inliberrim
1503 3876 1726 3963 potestatem

308 3991 422 4069 saneti
443 3989 586 4068 Bertini
606 3987 830 4071 vindicante.
854 3990 911 4098 De
934 3987 1247 4066 submnnentibus
1269 4004 1456 4067 autemst
1482 3986 1727 4069 servientibm
1813 3999 1819 4008 '

307 4120 450 4199 abbatis
461 4138 499 4199 et
511 4119 855 4226 inonncorunr„qui
869 4119 907 4194 in
923 4119 1062 4224 oppido
1073 4118 1427 4209 muniendorum,
1442 4119 1534 4219 stip
1548 4119 1726 4199 comitutu

104 4324 105 4329 ,
194 4357 198 4361 st
307 4249 471 4339 advocati
493 4250 740 4354 hospitantur,
757 4249 970 4345 stabilitum.
987 4266 1079 4329 esta
1099 4277 1177 4339 me,
1197 4266 1256 4338 ut,
1278 4250 1382 4329 omni
1403 4277 1523 4340 wne,
1544 4249 1588 4327 in
1604 4249 1725 4329 nutele
1796 4268 1820 4364 Ἰ

306 4377 479 4468 Domini,
504 4378 682 4459 modium,
698 4378 879 4483 liu-urenti
910 4378 958 4456 ab
976 4378 1110 4467 abbate
1135 4378 1379 4484 persolvatur,
1410 4396 1454 4458 et,
1471 4381 1531 4461 sic,
1552 4379 1600 4458 ab
1620 4379 1730 4484 omni

306 4503 546 4590 intestatione
566 4505 680 4587 liberi
699 4525 876 4591 maneam
895 4525 937 4591 et.
953 4507 1093 4616 quieti,
1112 4509 1183 4589 nisi
1201 4507 1648 4616 aliquus-illorumpulem
1667 4510 1727 4587 in-

306 4651 442 4751 ventus
461 4634 578 4721 luerit
607 4635 687 4722 rim
707 4636 842 4722 latiens
865 4637 1045 4727 relelurti
1067 4666 1154 4721 reus
1183 4654 1251 4720 aut
1275 4636 1463 4720 similium·
1485 4639 1726 4748 legsmpn·
1778 4725 1783 4733 ,
1810 4696 1835 4728 ,,

307 4766 500 4851 varicator.
511 4767 684 4851 Preteree
697 4767 859 4861 inssisti,
879 4768 1725 4906 ubemommunioauoueprodictillrpgnis
