4478 5842
326 447 400 518 226
507 525 510 530 ,
677 451 1083 525 CHARTULARIUM
1111 450 1393 527 SITHIENSE.

326 589 494 697 Nicolay,
505 590 610 697 juxta
626 591 885 700 Gravenngam
904 593 943 669 in
958 594 1131 699 Broburg
1148 593 1230 669 site.
1250 593 1330 668 Hoc
1352 607 1479 669 autem
1495 590 1576 669 lieri
1602 618 1748 676 venera,-

326 720 412 797 bilis
428 720 529 799 filius
544 741 673 799 noster
688 723 925 815 Larnbertus,
943 723 1013 799 Dei
1029 719 1163 831 gratia,
1179 716 1293 801 abbas
1313 721 1429 801 sancti
1443 722 1601 812 Bertini,
1618 749 1746 826 parro-

330 850 551 927 chianorum
576 853 678 929 illius
695 853 768 929 loci
784 853 960 958 precibus
982 854 1173 943 misertus,
1195 881 1213 927 a
1230 852 1341 930 nobis
1353 852 1574 958 impetravit.
1592 850 1746 958 Dispen-

326 981 469 1058 satioue
485 998 611 1058 autern
623 981 686 1058 tali
702 982 923 1073 factumest,
940 1002 983 1060 ut
995 1012 1109 1059 unam
1122 982 1274 1081 libram,
1288 1013 1361 1088 que
1377 983 1424 1060 de
1439 981 1609 1087 Broburg
1619 982 1744 1080 eidem

327 1110 468 1201 abbati,
499 1112 656 1219 singulis
677 1114 803 1205 aunis,
825 1112 1107 1219 persolvebatur
1131 1093 1348 1219 priusquam
1369 1115 1439 1193 hec
1460 1113 1693 1221 parrocltiola
1724 1143 1744 1189 a

327 1239 501 1348 Broburg
526 1242 774 1330 dividebatur,
804 1244 900 1319 hanc
920 1242 1105 1350 presbiter
1129 1260 1167 1320 et
1188 1244 1422 1348 parrochiani
1447 1243 1560 1350 hujus
1590 1242 1743 1325 ecclesie

324 1369 393 1473 ipsi
410 1369 534 1447 abbati
552 1372 703 1449 duobus
718 1374 889 1450 terminis
910 1372 1138 1477 persolvant:
1159 1355 1332 1451 videlicet
1353 1375 1392 1450 in
1414 1375 1584 1451 omnium
1606 1393 1746 1462 saucto-
1771 1441 1776 1451 .

324 1529 409 1577 rum
428 1500 640 1594 festivitate,
654 1503 796 1581 solidos
816 1504 965 1594 decem;
989 1504 1026 1578 in
1043 1502 1183 1582 Christi
1194 1504 1401 1596 nativitate,
1415 1504 1558 1583 solidos
1570 1503 1741 1587 totidem.

325 1629 465 1709 Divisio
493 1651 550 1709 est
571 1651 698 1710 autem
721 1634 821 1710 inter
839 1634 935 1710 hanc
963 1633 1199 1737 parrochiam
1221 1649 1259 1709 et
1280 1631 1453 1740 Broburg
1472 1650 1570 1715 terra
1590 1633 1743 1721 Roherti

325 1760 393 1837 lilii
408 1763 437 1837 F
437 1763 592 1842 ulcheri.
615 1765 710 1841 Huic
729 1782 855 1842 autem
871 1764 1070 1869 episcopali
1086 1781 1212 1842 nostre
1225 1764 1306 1841 sedi
1322 1764 1417 1843 duos
1429 1762 1589 1856 solidos,
1607 1781 1645 1840 et
1663 1793 1740 1851 non

324 1891 425 1995 plus,
437 1892 578 2000 prelata
589 1895 757 1985 ecclesia,
769 1893 1059 2002 singulisennis,
1076 1893 1116 1970 in
1127 1892 1359 1998 autumpnali
1370 1893 1523 1983 sinodo,
1539 1894 1737 1998 persolvet.

380 2023 544 2100 -Actum
564 2050 664 2100 anno
679 2024 859 2101 incarnati
871 2024 984 2102 Verbi
1000 2023 1205 2109 millesimo
1216 2024 1422 2107 centesimo
1431 2023 1580 2108 dccirnn
1590 2041 1737 2128 quarto,

324 2153 530 2231 indictione
545 2154 714 2258 septima.

531 2336 677 2417 :Signum
697 2337 852 2406 Jonanurs,
869 2338 1064 2398 Taruanensis
1081 2338 1241 2419 episcopia

886 2687 890 2703 Ι
986 2589 1071 2664 XV.

184 2783 191 2797 ⁴
321 2774 472 2813 excuncta
494 2771 586 2812 CARTE
609 2770 748 2820 ROBERTI,
775 2773 900 2814 srtscout
928 2773 1157 2816 tnuuuaruusts
1181 2774 1218 2813 DE
1241 2771 1416 2814 rnunt'rtorttt
1443 2771 1589 2813 utrumn!
1617 2770 1736 2818 ANBSIN.

592 2871 721 2919 wultutt,
746 2875 874 2915 sumnus
896 2875 931 2914 ET
954 2875 1082 2923 HAUTAY,
1105 2875 1167 2917 GU!
1189 2875 1342 2919 cerrenus
1362 2851 1453 2917 80181.

376 3045 443 3119 «In
469 3045 624 3123 nomine
651 3061 775 3122 sancte
801 3060 839 3119 et
866 3042 1058 3119 individue
1090 3044 1296 3121 Trinitatis.
1328 3046 1408 3151 Ego
1434 3044 1638 3138 Robertus,
1661 3020 1734 3132 Dei

317 3171 449 3278 gratia,
475 3172 744 3250 Attrebatensis
771 3170 983 3276 episcopus,
1012 3171 1216 3248 venerabili
1239 3171 1343 3249 lratri
1367 3168 1586 3262 lamberto,
1610 3172 1735 3259 abbati

320 3301 436 3377 sancti
448 3302 609 3392 Bertiui,
625 3303 779 3411 ejusque
796 3298 1070 3377 successoribus
1084 3300 1306 3406 regulariter
1317 3300 1589 3376 substituendis
1604 3301 1643 3377 in
1656 3329 1737 3406 per-

316 3448 486 3534 petuum.
504 3431 734 3510 Sacerdotuli
755 3429 927 3538 congruit
943 3428 1205 3506 benevolentie
1222 3458 1352 3506 eorum
1371 3429 1438 3535 qui
1458 3430 1497 3505 in
1514 3449 1639 3506 sancte
1653 3459 1734 3513 ma—

316 3561 384 3637 tris
400 3563 554 3639 ecclesie
570 3562 715 3671 gremio
726 3561 802 3638 fide
820 3559 1063 3669 moribusque
1081 3557 1300 3668 proliciunt,
1315 3560 1575 3637 sanctastudia
1585 3559 1730 3667 juvare,

316 3691 387 3795 piis
403 3693 498 3769 votis
519 3721 762 3780 concurrere,
783 3708 821 3767 et
835 3690 994 3766 maxime
1016 3718 1148 3766 eorum
1163 3689 1228 3800 qui
1245 3689 1339 3799 jugo
1360 3691 1564 3767 monastice
1580 3692 1733 3771 sanctio

316 3821 373 3895 uis
393 3821 552 3898 humilia
564 3820 659 3897 colla
680 3819 895 3896 subdidere.
914 3820 1039 3910 Unde,
1055 3820 1169 3896 frater
1183 3821 1394 3919 venerande
1409 3818 1503 3895 abba
1520 3821 1729 3908 Lamberte,

320 3981 403 4027 curu
427 3979 447 4025 a
468 3968 585 4027 vestra
607 3950 810 4027 dilectione
833 3978 985 4057 rogarer
1011 3950 1187 4056 quatinus
1214 3948 1357 4056 aliquot
1385 3950 1513 4025 altaria
1534 3950 1580 4025 de
1604 3968 1731 4028 nostra

316 4080 455 4158 diocesi
471 4057 698 4158 monasterio
712 4098 833 4159 vestro
847 4079 1074 4171 conferrem,
1097 4109 1170 4187 que
1193 4080 1350 4157 fratrum
1370 4078 1513 4155 ibidem
1529 4078 1612 4156 Deo
1627 4107 1731 4157 sanc-

313 4213 433 4317 tisque
455 4211 535 4317 ejus
555 4212 724 4304 Bertino,
745 4212 979 4303 Audomar0,
1003 4210 1210 4319 Folquino‚
1233 4208 1373 4289 Silvine
1390 4211 1633 4290 servientium
1655 4211 1731 4288 usi-

313 4341 384 4418 bus
393 4338 629 4447 proficerent,
643 4370 770 4455 aurore
784 4343 918 4419 ductus
931 4357 1049 4417 vestre
1057 4358 1339 4445 vestrorumque
1348 4338 1515 4419 filiorum
1524 4330 1727 4448 religionis,

312 4471 535 4577 petitionem
550 4489 708 4549 vestram
728 4500 774 4550 eo
791 4472 899 4559 citius
925 4498 1045 4577 eoque
1065 4469 1244 4547 libentius
1261 4467 1533 4557 exaudiendam
1548 4468 1726 4580 judicavi,

311 4616 451 4707 quanto
472 4598 606 4676 clarius
626 4617 769 4693 constat
789 4601 968 4707 quoniam
991 4629 1033 4677 ea
1053 4627 1127 4712 qne
1154 4598 1328 4678 fidelium
1353 4598 1543 4676 oblatione
1573 4599 1727 4679 ecclesie

353 4769 359 4799 ¹
383 4767 458 4837 Edit
477 4767 552 4831 Gatt
569 4766 667 4837 Christ.
684 4779 753 4836 tom.
768 4768 824 4838 111,
838 4768 986 4839 immoni.
1011 4790 1077 4833 ιη.
