4478 5842
320 454 341 517 6
898 448 1173 523 PROLUDlA.

320 595 539 672 conscientia,
567 614 707 662 omnem
737 593 897 687 papicum
926 592 1101 687 scriptam,
1129 607 1196 677 ut„
1214 594 1351 687 opinor,
1379 592 1565 663 mansuetis
1590 576 1742 686 predicta

320 716 528 784 annunciare
553 716 701 784 misisset
722 737 798 784 nos.
818 713 923 809 Igitur
941 715 1046 809 gratia
1067 713 1208 784 Domini
1231 714 1341 784 nostri
1357 712 1443 784 Jesu
1460 711 1601 792 Christi,
1622 713 1743 783 caritas

319 836 398 914 Dei,
426 861 443 904 a
471 860 539 932 quo
567 837 678 906 omnis
703 835 855 907 valitudo
882 849 917 908 et
937 837 1159 933 prosperitas,
1178 835 1374 916 vobiscum,
1401 833 1576 906 modicum
1601 833 1742 904 hatrem

319 971 488 1037 vestrum,
507 958 628 1027 humili
643 959 774 1028 calamo
792 972 965 1037 utentem,
981 955 1141 1029 habetote
1156 960 1263 1029 vestri
1277 983 1481 1030 memorem.

783 1327 785 1332 ’
806 1320 967 1417 Inprora
983 1321 1103 1392 habuit
1122 1321 1255 1409 fortiter
1271 1321 1455 1393 trahentes.

806 1440 847 1509 ln
868 1442 982 1512 carina
1001 1441 1122 1513 hahuit
1138 1443 1289 1513 suaviter
1309 1445 1532 1538 quiescentes.
1676 1474 1679 1480 ·

807 1562 846 1631 ln
862 1564 972 1656 puppi
988 1561 1130 1632 babebit
1147 1562 1293 1657 provide
1311 1580 1476 1658 regentes.

807 1681 875 1753 Per
891 1682 1015 1753 lluctus
1033 1696 1126 1754 recta
1139 1681 1249 1764 vadit,

807 1802 994 1901 Sirenqua
1014 1805 1050 1874 in
1071 1805 1159 1881 latus
1177 1805 1278 1877 cadit.

806 1922 920 1997 Omne
938 1925 1122 1997 hominum
1139 1950 1246 2022 genus
1267 1928 1431 1997 continet.

805 2047 960 2117 Pericula
978 2048 1132 2118 sustinet.

805 2168 894 2241 Mari
911 2170 1155 2263 supereminet.

806 2288 919 2362 Vento
939 2292 1059 2385 agitata
1078 2305 1249 2385 properat.

806 2410 880 2481 Sibi
902 2411 1106 2482 commissos
1122 2409 1255 2480 liberat.
1338 2456 1340 2461 -
1468 2462 1481 2487 .

676 2618 678 2622 μ
806 2532 842 2601 Si
862 2533 939 2626 quis
958 2532 1037 2610 exit,
1058 2530 1304 2625 submergimr;

806 2654 951 2755 Manens
972 2667 1113 2749 portum
1133 2651 1343 2747 adipiscitur.

805 2773 867 2846 Vix
889 2800 969 2845 cum
989 2776 1107 2869 paucis
1127 2770 1388 2868 transgreditun

773 2885 777 2935 ἶ
805 2894 980 2965 Honerata
1000 2893 1147 2963 libenter
1165 2891 1347 2987 egreditur.

318 2112 418 2183 Nsvts
434 2134 582 2181 secessu
603 2134 673 2192 sss,
693 2134 754 2188 Qus

319 3238 550 3319 Audomarus,
565 3240 673 3334 agius,
690 3235 842 3334 pontifex
857 3239 1021 3334 egregius,
1043 3234 1195 3316 stelliferi
1208 3216 1416 3332 splendoris,

317 3359 482 3455 Fruilpbo
501 3363 560 3455 qui
575 3384 615 3430 er
630 3374 725 3456 patre
744 3359 950 3456 Domitsque
968 3385 1009 3433 ex
1023 3373 1149 3440 matre,
1168 3357 1351 3431 orthodoxi
1366 3358 1521 3454 fulgoris,

317 3486 424 3579 Inque
438 3484 527 3555 valle
540 3508 657 3566 aurea,
675 3481 771 3555 nube
783 3483 848 3555 sub
865 3508 979 3567 aerea,
998 3482 1146 3580 prosiliit
1159 3463 1203 3553 ad
1218 3497 1351 3563 ortum,

318 3606 446 3676 Lacum
463 3609 511 3676 cis
529 3606 750 3685 constancia,
767 3621 879 3678 metro
895 3605 959 3676 sub
978 3603 1170 3702 Maguntie.,
1189 3602 1370 3699 Rhenique
1382 3605 1470 3695 citra
1485 3618 1634 3699 portum.

319 3729 391 3799 Hac
410 3743 542 3822 patrem
556 3726 778 3823 genitumque
795 3726 858 3796 suh
875 3728 989 3822 regula
1005 3741 1191 3823 utrumque
1205 3727 1390 3821 assumpsit
1404 3726 1608 3797 Luxovium.

318 3849 531 3920 Tarvanensi
544 3847 675 3943 populo
691 3845 817 3941 prefuit
833 3850 945 3943 prius,
963 3848 1083 3919 sedulo
1099 3865 1215 3943 pastor
1226 3873 1371 3946 pascens
1383 3848 1516 3928 ovium,

318 3970 515 4040 Extrinseco
533 3969 665 4039 lumine
684 3969 810 4063 privari
831 3971 891 4063 qai
908 3970 1044 4051 maluit,
1061 3992 1166 4066 qaam
1184 3972 1320 4042 interno
1337 3971 1479 4042 homine
1497 3991 1646 4064 superna
1663 3989 1734 4062 quo
1751 3968 1889 4036 meruit.

318 4093 351 4163 Ο
368 4117 466 4187 spem
482 4093 620 4162 miraml
638 4088 718 4177 Qua
734 4093 868 4186 spirasti
882 4093 1002 4163 mortis
1017 4091 1117 4173 hora,
1138 4106 1172 4162 te
1191 4090 1353 4163 flentibus

318 4214 390 4284 Hac
404 4214 488 4285 dum
502 4214 588 4286 bora
605 4213 794 4307 impetrasti
807 4210 1026 4307 profuturum
1041 4227 1076 4282 te
1095 4210 1271 4290 iratribus,

318 4336 442 4430 Imple‚
458 4336 590 4432 presul,
611 4332 705 4430 quod
719 4335 857 4430 optasti,
873 4358 936 4406 nos
952 4335 1018 4403 tuis
1030 4336 1157 4428 juvans
1174 4329 1344 4427 precibus.

317 4457 389 4543 Qui
403 4470 454 4529 tot
465 4458 566 4552 signis
580 4457 731 4527 claruisti
745 4456 782 4526 in
797 4478 958 4550 egrorum
975 4451 1195 4548 corporibus,

316 4578 401 4649 Tuis
415 4603 519 4673 opem
532 4577 644 4649 serens
658 4577 798 4658 Christi,
817 4578 905 4673 egris
921 4576 1062 4648 medere
1075 4572 1244 4653 moribus,

317 4701 459 4796 Elapsus
471 4698 593 4773 mundi
603 4698 758 4781 turbine,
777 4712 924 4794 postque
941 4697 1069 4771 laboris
1082 4694 1245 4775 stadium,

319 4822 456 4895 Gaudes
476 4847 640 4920 supremo
661 4817 798 4894 cardine
806 4854 820 4901 ‚·
832 4833 954 4898 vectus..
970 4817 1015 4891 ad
1029 4820 1100 4891 vite
1116 4817 1284 4893 brorium.
