4478 5842
583 479 710 551 PARS
735 476 905 550 PRIMA.
926 520 968 532 -
987 472 1238 564 FOLQUINI
1264 474 1356 567 LlB.
1384 476 1430 546 ΙΙ.
1644 472 1713 544 115

298 618 431 710 lorias,
455 619 546 697 etin
565 621 640 698 alio
661 620 744 697 loco
768 637 983 726 nuncupato
1005 617 1245 724 Heingasele3
1263 615 1488 721 expetiitque
1506 642 1574 719 per
1592 642 1717 719 preca-

298 750 392 826 riam
414 751 564 828 easdem
587 780 665 842 res,
689 781 776 828 cunr
793 752 864 827 alia
883 769 982 828 terra
1002 748 1217 828 monasterii
1239 743 1381 835 Sithiu,
1405 746 1585 859 vocabulo
1606 746 1719 823 Vual-

298 879 538 989 dringahem,
562 883 600 960 in
621 884 694 960 hoc
713 884 885 963 modum.

945 1044 1067 1122 XLV.

929 1227 1092 1266 Etruscan.

360 1387 539 1463 «Domno
559 1385 762 1463 venerabili
784 1386 983 1474 Hilduino,
1005 1385 1131 1460 abbati
1159 1386 1205 1464 de
1233 1384 1460 1463 monasterio
1485 1387 1601 1461 sancti
1626 1385 1726 1460 Petri
1765 1407 1798 1459 28
1815 1419 1871 1456 nov.
1886 1401 1949 1469 867.

303 1533 592 1622 sanctorumque
609 1516 748 1594 Christi
764 1516 1019 1592 consessorum
1030 1515 1234 1591 Audornari
1247 1533 1358 1627 atque
1372 1515 1531 1606 Bertini,
1544 1514 1725 1592 vocabulo
1755 1568 1760 1579 .

304 1646 446 1738 Sithiu,
465 1676 533 1755 ego
548 1648 586 1722 in
599 1648 668 1724 Dei
683 1647 854 1754 nomine,
870 1645 1234 1725 Liodricustraditor
1246 1646 1358 1722 simul
1372 1664 1409 1720 et
1421 1664 1601 1751 precator.
1616 1648 1727 1722 Dono

303 1775 417 1886 igitur
433 1776 690 1884 donatumque
711 1777 750 1853 in
769 1793 996 1885 perpetuum
1013 1805 1091 1855 esse
1110 1777 1393 1883 vololcgaliter,
1410 1805 1478 1881 por
1496 1775 1677 1856 festucam
1694 1793 1731 1852 et

304 1905 583 2014 andelaginem,
603 1936 684 1984 rem
703 1907 942 2013 proprietatis
958 1934 1050 1983 meae
1063 1908 1102 1983 in
1114 1906 1197 1985 loco
1218 1922 1461 2012 nuncupante
1477 1907 1676 1997 Melerias,
1692 1908 1729 1983 in

304 2036 770 2146 pagoTerwanense,inlra
780 2037 1225 2144 Mempiscum:1nansum
1236 2067 1322 2114 cum
1335 2065 1427 2128 casa,
1439 2054 1487 2127 et,
1499 2038 1598 2115 inter
1609 2039 1733 2144 ipsum

306 2195 480 2245 mansum
496 2185 534 2245 et
545 2185 684 2246 terram
695 2166 891 2259 arabilem,
905 2166 1107 2245 bunarium
1124 2195 1135 2247 1
1150 2185 1188 2243 ct
1197 2166 1388 2274 jornalem
1404 2195 1431 2253 ις
1450 2167 1541 2245 etin
1558 2167 1632 2244 alio
1649 2167 1733 2247 loco
1825 2158 1827 2162 Α

308 2316 524 2404 nuncupato
533 2297 776 2407 Heingasele,
790 2299 829 2375 in
847 2326 941 2405 pago
958 2299 1223 2404 suprascripto,
1237 2298 1285 2374 de
1298 2315 1398 2374 terra
1410 2296 1567 2372 bunaria
1575 2324 1609 2389 v,
1622 2325 1735 2401 super

308 2429 464 2507 fluvium
479 2431 595 2521 lsera,
621 2459 697 2507 una
712 2459 798 2507 cum
817 2429 986 2535 ipsorum
1000 2429 1171 2506 locorum
1186 2429 1332 2534 perviis.
1342 2428 1519 2535 legitimis
1534 2445 1572 2505 et
1584 2428 1736 2507 wadris-

309 2560 420 2668 capis.
437 2563 485 2639 Et
500 2580 700 2669 propterea
724 2561 880 2668 expetivi
907 2560 1013 2637 vobis
1035 2590 1114 2638 rem
1142 2561 1305 2638 ecclesiae
1327 2576 1469 2651 vestrae,
1495 2560 1570 2636 hoc
1595 2577 1667 2652 est,
1695 2560 1734 2637 in

308 2690 393 2769 loco
414 2708 630 2797 nuncupato
649 2690 988 2799 Vualdringahem,
1004 2691 1153 2797 inpage
1172 2691 1428 2779 Tarnanensi,
1450 2717 1562 2794 super
1581 2690 1737 2768 flauum

309 2820 449 2927 Dilgia,
462 2849 635 2899 mansum
646 2849 733 2899 cum
744 2849 843 2911 casa,
858 2838 912 2915 et,
926 2821 1160 2927 interipsum
1171 2849 1344 2897 mansum
1355 2837 1393 2896 et
1406 2837 1545 2896 terram
1558 2819 1738 2897 arabilem

310 2949 369 3027 vel
388 2967 554 3056 pratum,
575 2950 733 3028 bunaria
756 2978 806 3028 x11
825 2968 864 3028 et
883 2951 1103 3041 dimidium,
1130 2979 1205 3027 una
1233 2980 1318 3026 curn
1342 2951 1478 3057 perviis
1503 2950 1682 3059 legitimis
1703 2969 1741 3027 et

192 3078 195 3085 ⁵
311 3081 561 3189 wadriscapis,
582 3099 659 3158 tam
685 3081 779 3158 mihi
806 3110 919 3187 quam
943 3099 981 3159 et
1001 3081 1168 3188 conjugae
1190 3109 1282 3156 meae
1303 3080 1552 3187 Aldgudanae,
1572 3082 1630 3157 vel
1651 3080 1740 3157 filiis

313 3212 450 3289 nostris
468 3211 1159 3304 Liudrico,Grimbe1to,Ricbodoni‚
1179 3211 1416 3318 Odgudanae,
1436 3211 1636 3302 Hiltrudae,
1656 3213 1741 3288 Ber·

312 3343 465 3434 trudae,¹
477 3340 660 3446 quamdiu
675 3339 943 3434 advixerimus,
959 3341 1007 3418 ad
1020 3340 1268 3418 excolendum
1283 3358 1321 3417 et
1335 3342 1552 3418 usitandum
1565 3342 1623 3418 vel
1640 3370 1741 3419 eme-
1815 3392 1819 3402 ·

313 3470 529 3551 liorandum
559 3488 689 3550 tenere
713 3471 935 3563 debeamus,
963 3490 1001 3550 et
1023 3489 1082 3560 ut,
1108 3472 1155 3550 ad
1177 3471 1414 3549 festivitatem
1438 3472 1554 3549 sancti
1581 3471 1738 3561 Bertini,

313 3631 396 3710 quae
416 3619 473 3682 est
490 3602 604 3683 nonis
628 3601 870 3708 septembris,
893 3603 1000 3681 annis
1025 3601 1200 3710 singulis,
1227 3629 1296 3710 ego
1313 3618 1352 3679 et
1369 3601 1532 3707 conjunx
1556 3629 1657 3692 mea,
1671 3630 1740 3709 pro

316 3750 435 3809 vestro
462 3731 666 3824 beneficio,
691 3733 865 3813 denarios
888 3758 923 3812 vr
947 3733 996 3810 ad
1014 3733 1229 3841 predictum
1256 3731 1527 3810 monasterium
1546 3733 1741 3813 monachis

315 3861 410 3936 inibi
420 3860 502 3939 Deo
516 3860 787 3939 famulantibus
794 3863 1041 3940 transsolvere
1057 3864 1278 3953 debeamus3
1291 3863 1360 3938 lilii
1374 3879 1500 3939 autom
1512 3863 1642 3952 nostri,
1655 3882 1741 3967 post

316 4018 401 4081 nos,
423 3990 614 4068 solidumr
632 3990 775 4067 solvere
797 3990 976 4082 debeant,
998 3993 1169 4099 ipsasque
1189 4023 1267 4084 res,
1284 4009 1361 4068 tam
1377 4021 1438 4068 eas
1453 4023 1545 4098 quas
1566 3992 1741 4098 dedimus

317 4148 432 4228 quarn
446 4118 528 4196 illas
542 4148 634 4225 quas
655 4118 878 4225 expetimus,
898 4147 968 4196 nec
988 4120 1077 4198 dare
1096 4148 1167 4198 nec
1189 4122 1351 4197 vendere
1367 4149 1438 4197 nec
1461 4122 1499 4196 in
1518 4122 1625 4199 nullo
1649 4151 1740 4200 nau·

317 4249 459 4360 fragare
479 4266 703 4357 potestatem
721 4248 946 4340 habeamus3
969 4250 1052 4341 sed,
1079 4270 1164 4359 post
1184 4268 1357 4329 nostrum
1383 4252 1556 4329 omnium
1577 4252 1743 4344 obitum,

308 4380 436 4468 arnbae
451 4408 528 4473 res,
544 4409 631 4458 cum
652 4381 756 4459 omni
771 4379 1073 4476 emelioratione,
1092 4413 1113 4460 a
1132 4382 1327 4460 monachis
1340 4382 1609 4490 perpetualiter
1626 4385 1746 4491 possi-

320 4510 452 4589 dendae
471 4511 708 4618 recipiantur.
736 4513 822 4591 Haec
848 4541 941 4621 ergo
955 4513 1128 4608 traditio,
1159 4542 1245 4592 curn
1269 4515 1453 4622 precaria,
1478 4514 1588 4593 firma
1611 4543 1747 4622 perpe-

244 4699 249 4705 ·
318 4639 470 4719 tualiter
491 4661 722 4749 permaneat,
744 4643 994 4752 stipulatione
1011 4645 1179 4754 mbnixa.

364 4802 373 4836 ¹
395 4804 497 4890 Suppl.
511 4819 549 4868 ut.
