4478 5842
278 1168 352 1224 Circa
362 1188 385 1222 a.
401 1186 480 1224 11¹0.

515 477 589 550 asc
695 426 708 495 ’ἶ
865 480 1585 559 cuanrucimuusumsnss.

1151 768 1301 845 XXIV.

639 968 793 1010 EKEMPLAR
813 968 965 1017 tonantis.
990 968 1131 1018 srlscoel,
1155 970 1193 1009 DE
1216 969 1370 1011 cltttrsstuo
1391 967 1559 1011 montanum
1581 969 1618 1010 bu
1641 948 1808 1011 snossune¹.

572 1148 640 1222 nln
661 1149 814 1225 nomine
836 1149 954 1225 Patris
972 1164 1008 1223 et
1028 1147 1114 1222 Filii
1137 1165 1174 1224 et
1196 1147 1358 1254 Spiritus
1379 1149 1517 1226 Sancti.
1538 1151 1616 1257 Ego
1638 1149 1841 1241 lohannes,
1863 1150 1933 1226 Dei

512 1278 643 1384 gratia,
657 1279 892 1355 Morinorum
911 1278 1121 1383 episcopus,
1136 1295 1269 1356 uotum
1284 1280 1379 1356 facio
1390 1297 1467 1356 tam
1481 1279 1617 1357 hinnis
1631 1309 1744 1386 quam
1752 1263 1934 1385 presenti-

511 1408 598 1500 bus,
614 1408 869 1486 venerabilem
887 1408 1134 1498 comitissam,
1152 1407 1402 1485 Clementiam
1417 1410 1590 1501 nomine,
1612 1410 1651 1485 in
1668 1411 1934 1488 constitutione

511 1539 735 1615 monialium
749 1541 797 1616 de
812 1539 1001 1647 Broburg,
1022 1539 1061 1613 in
1077 1539 1273 1644 parrochia
1294 1541 1410 1615 sancti
1423 1541 1583 1631 Bertini,
1606 1541 1718 1617 nobis
1735 1541 1933 1618 medianti-

509 1669 596 1760 bus,
615 1669 661 1746 ab
679 1670 814 1746 abbate
830 1670 1033 1776 optinuisse
1055 1669 1280 1745 cimiterium
1297 1669 1537 1746 solummodo
1555 1671 1789 1748 tumulandis
1803 1701 1936 1778 corpo-

508 1801 613 1878 ribus
639 1803 858 1878 earumdem
881 1830 922 1876 ac
942 1800 1183 1877 servientium
1209 1828 1381 1890 suorum,
1406 1801 1481 1877 sive
1503 1801 1679 1877 domibus
1707 1830 1747 1876 ac
1771 1805 1933 1907 propriis

509 1933 769 2009 mansionibus
782 1932 925 2007 ibidem
942 1931 1012 2008 sibi
1030 1930 1309 2019 famulantium,
1326 1930 1365 2007 iu
1386 1931 1574 2006 nativitate
1584 1931 1755 2020 Domini,
1776 1933 1816 2007 in
1829 1934 1933 2036 puri-

416 2116 419 2120 ·
508 2063 682 2140 ficatione
711 2079 834 2140 sancte
858 2062 990 2150 Marie,
1020 2061 1058 2136 in
1086 2063 1214 2151 Pasca,
1244 2063 1283 2136 in
1312 2062 1601 2148 Penthecosten,
1628 2059 1788 2137 infesto
1816 2065 1930 2140 sancti

506 2194 702 2282 lobannis,
720 2194 760 2269 iu
781 2193 875 2269 festo
892 2191 1065 2270 omnium
1080 2209 1311 2280 sanctorum,
1330 2192 1369 2266 in
1385 2192 1744 2267 commemoratione
1759 2193 1930 2269 omnium

507 2325 681 2403 fidelium
712 2325 994 2411 defunctorum,
1020 2339 1218 2428 postquam
1246 2321 1518 2427 parrochialem
1545 2321 1696 2399 missam
1726 2324 1927 2416 audierint,

507 2456 879 2546 communicaverint,
894 2455 1038 2531 debitas
1049 2455 1259 2531 oblationes
1269 2454 1525 2559 persolverint,
1543 2453 1757 2530 facultatem
1769 2455 1930 2532 habeant

506 2588 554 2663 ad
575 2588 845 2666 monasterium
869 2587 970 2663 istud
991 2586 1107 2663 eundi
1132 2602 1169 2662 et
1187 2584 1467 2674 benefaciendi,
1488 2586 1519 2661 si
1534 2584 1732 2661 voluerint.
1751 2585 1929 2661 Decerni-

505 2748 589 2796 mus
605 2721 729 2825 itaque
744 2735 853 2823 atque
868 2718 1082 2810 statuimus,
1100 2735 1157 2808 ut,
1177 2698 1245 2792 bac
1261 2717 1500 2793 concessione
1512 2732 1677 2820 excepta,
1692 2713 1739 2789 de
1752 2714 1927 2793 omnibus

503 2877 577 2953 que
594 2851 640 2926 ad
656 2848 813 2951 predicti
825 2849 942 2924 sancti
959 2849 1154 2923 ecclesiam
1170 2848 1375 2952 pertinent,
1388 2865 1464 2923 tam
1481 2846 1637 2922 decimis
1651 2875 1766 2950 quam
1777 2845 1929 2923 oblatio

504 2978 632 3067 nibus,
650 2977 856 3082 ceterisque
869 2977 1101 3081 quibuslibet
1114 2978 1310 3081 adquisitis
1322 2978 1378 3052 vel
1392 2976 1650 3084 adquirendis,
1666 2975 1850 3052 abbatissa
1861 3006 1927 3054 seu

503 3107 702 3197 moniales,
726 3105 828 3181 nulla
844 3107 1037 3182 occasione
1056 3123 1119 3181 aut
1133 3106 1304 3212 ingenio,
1329 3136 1398 3182 nec
1413 3106 1483 3181 alia
1498 3106 1668 3212 quelibet
1682 3106 1924 3185 ecclesiastica

503 3238 721 3316 secularisve
743 3265 916 3342 persona,
939 3235 1143 3341 aliquando
1163 3253 1318 3339 usurpet
1338 3235 1397 3311 vel
1419 3236 1572 3325 alienet,
1594 3235 1773 3340 quoniam
1797 3267 1927 3343 accep-

502 3386 584 3447 tum
600 3398 724 3447 coram
738 3370 820 3444 Deo
838 3367 917 3443 fore
940 3365 1144 3454 credimus,
1173 3383 1215 3441 ut
1235 3366 1287 3441 sic
1307 3394 1402 3442 nova
1423 3365 1504 3441 loca
1524 3364 1763 3456 roboremus,
1789 3396 1836 3442 ne
1858 3398 1927 3444 an-

468 3502 615 3610 '.tiquis
650 3486 863 3578 sanctorum
893 3492 1130 3575 monasteriis
1161 3496 1430 3573 detrimentum
1465 3496 1742 3602 possessionum
1772 3527 1924 3576 suarum

441 3812 476 3849 ν’·

501 3633 735 3740 aliquatenus
758 3630 974 3706 inferamus.
996 3629 1036 3706 Si
1057 3628 1140 3735 quis
1165 3628 1279 3734 igitur
1298 3629 1394 3705 hanc
1415 3644 1541 3705 nostre
1562 3627 1792 3705 auctoritatis
1822 3632 1924 3737 pagi-

499 3792 587 3841 nam
603 3765 724 3842 sciens
744 3781 871 3839 contra
890 3789 972 3837 eam
994 3761 1121 3837 venire
1138 3759 1391 3864 temptaverit,
1414 3760 1444 3836 si
1466 3787 1544 3836 non
1565 3756 1814 3835 satisfactione
1835 3789 1923 3847 con-

395 3870 475 4043 ἦ
496 3922 593 4007 grua
617 3893 886 3984 emendaverit,
909 3920 929 3966 a
953 3889 1199 3967 sacratissimo
1223 3918 1378 3996 corpore
1399 3921 1441 3966 ac
1461 3889 1642 3998 sanguine
1661 3889 1816 3967 Domini
1837 3921 1922 3969 nos—

375 4008 426 4061 *
439 4012 457 4055 ³
473 4088 480 4101 .
498 4025 547 4105 tri
571 4029 658 4103 Jesu
674 4025 813 4103 Christi
834 4051 914 4100 sese
935 4020 1088 4099 alienari
1109 4020 1214 4109 sciat,
1236 4038 1288 4110 et,
1310 4022 1350 4096 in
1364 4021 1572 4098 tremendo
1587 4020 1770 4108 examine,
1794 4020 1922 4099 eterne

501 4157 724 4235 districtioni
743 4154 943 4263 subjaceat.

556 4290 738 4363 «Factum
765 4302 820 4361 est
842 4285 934 4377 boc,
961 4281 1199 4388 presentibus
1227 4281 1374 4358 idoneis
1400 4281 1571 4358 testibus.

668 4471 814 4550 «Signum
840 4469 1003 4535 Jouavrus,
1027 4467 1201 4527 Morinensis
1225 4464 1362 4547 episcopi.
1390 4462 1516 4545 Signum
1540 4463 1690 4530 Acunum,
1717 4461 1912 4524 archidiaconi

710 4571 833 4654 Signum
853 4569 1005 4638 Genuum,
1026 4569 1174 4653 prepositi.
1194 4567 1319 4650 Signum
1334 4564 1483 4633 mucuns,
1499 4565 1668 4647 prepositi.»

541 4825 549 4856 ¹
572 4826 660 4908 Apud
674 4826 819 4897 Mirum,
839 4825 920 4908 Opcr.
931 4823 1037 4906 diplom.
1059 4819 1185 4901 t.1V‚p.
1205 4836 1272 4901 ¹90·
