4478 5842
573 486 699 562 PARS
731 416 906 562 PRlllA.
927 531 976 543 -—
1001 486 1250 576 FOLQUINI
1275 483 1367 559 LIB.
1394 489 1443 558 ll.
1649 485 1718 560 lll5

301 625 497 733 quentium
524 630 754 736 populorum
781 628 1026 706 multitudine
1049 646 1245 719 exeuntes,
1269 624 1368 733 apud
1395 625 1522 701 villam
1549 624 1718 730 ejusdem

301 760 537 850 monasterii,
560 762 807 837 Loconessam
831 745 1106 864 nuncupatam,
1125 758 1394 863 aliquantisper
1415 755 1598 833 demorati
1620 772 1720 831 sunt.
1803 839 1808 849 Ι

190 938 196 948 ·
300 889 388 964 Post
406 887 684 994 aliquantulum
716 907 858 981 autem,
883 890 1003 995 major
1023 917 1108 992 pars
1134 916 1266 964 eorum
1291 889 1413 964 navim
1441 889 1479 962 in
1503 913 1642 963 oceano
1664 886 1723 961 in-

193 1098 196 1104 ,
299 1035 454 1111 trantes,
481 1021 520 1094 in
544 1023 790 1096 transmarina
818 1020 972 1125 regione
1000 1019 1112 1094 delati
1140 1036 1239 1094 sunt.
1267 1019 1373 1110 Quos
1393 1046 1453 1092 rex
1478 1016 1723 1092 Adalstenus¹

299 1146 462 1256 benigne
479 1150 698 1254 suscipiens,
718 1149 988 1226 monasterium
1001 1149 1103 1254 quod
1121 1149 1260 1223 dicitur
1277 1149 1323 1223 ad
1346 1148 1505 1223 llalneos
1527 1148 1579 1222 eis
1598 1146 1720 1220 statim

301 1279 499 1365 concessit3
519 1279 569 1354 ob
590 1279 630 1354 id
650 1280 826 1366 maxime,
848 1279 936 1383 quia
956 1278 1070 1353 lrater
1090 1278 1259 1384 ejusdcm
1280 1278 1398 1352 incliti
1421 1278 1534 1383 regis,
1556 1276 1723 1354 lltvvinus

303 1436 385 1496 rex,
407 1408 448 1483 in
469 1410 696 1486 monasterio
718 1410 833 1484 sancti
854 1409 997 1485 Bertini
1018 1408 1138 1484 luerat
1157 1408 1378 1483 tumulatus.
1398 1408 1606 1513 Siquidem,
1624 1434 1722 1482 anno

302 1537 417 1613 Verbi
433 1539 610 1614 incarnati
627 1564 866 1627 acccersiit,
882 1539 1004 1614 isdem
1017 1568 1080 1613 rex
1094 1539 1289 1625 Edvvinus,
1310 1567 1393 1613 cum
1404 1560 1418 1628 ,⁶
1428 1556 1584 1644 cogente
1601 1536 1724 1641 aliqua

302 1669 406 1773 regni
432 1669 488 1743 sui
516 1667 818 1772 perturbatione,
843 1669 912 1743 bac
941 1669 979 1742 in
1012 1669 1125 1742 maris
1153 1686 1276 1773 parte,
1309 1696 1455 1743 ascensa
1482 1669 1585 1752 navi,
1611 1666 1725 1742 vellet

304 1797 498 1886 devenire,
517 1797 799 1902 perturbatione
816 1816 1014 1874 ventorum
1030 1797 1122 1873 lacta
1139 1795 1296 1904 navique
1318 1799 1465 1888 collisa,
1485 1797 1620 1886 mediis
1634 1799 1728 1875 lluc-

302 1926 404 2002 tibus
420 1926 591 2003 absortus
606 1945 672 2003 est.
692 1928 808 2035 Cujus
824 1956 957 2032 corpus
973 1957 1056 2003 cum
1071 1928 1119 2004 ad
1134 1928 1223 2004 litus
1242 1946 1338 2004 esset
1353 1929 1566 2019 devectum,
1582 1926 1727 2005 Adalol-

305 2059 402 2162 phus
429 2087 575 2143 comes,
605 2059 783 2164 quoniam
804 2058 1038 2164 propinquus
1054 2059 1096 2141 ‚ei
1118 2059 1255 2134 carnali
1286 2061 1607 2165 consanguinitate
1631 2077 1724 2148 erat,

306 2216 392 2263 cum
413 2188 557 2265 honore
578 2218 750 2280 sumens,
774 2190 823 2264 ad
847 2188 961 2265 sancti
986 2187 1128 2264 Bertini
1149 2189 1419 2265 monasterium
1447 2187 1583 2264 detulit
1602 2206 1728 2264 tumu-

307 2319 474 2404 landum.
488 2321 576 2396 Post
588 2322 693 2426 cujus
708 2337 891 2411 mortem,
914 2319 1028 2395 irater
1041 2320 1121 2425 ejus
1135 2349 1196 2395 rex
1213 2320 1439 2397 Adalstenus
1456 2319 1621 2427 plurima
1639 2319 1728 2394 huic

308 2449 391 2525 loco
410 2451 449 2524 in
466 2450 546 2555 ejus
563 2449 767 2527 elemosina
788 2451 923 2526 direxit
943 2451 1093 2538 exenia,
1112 2467 1165 2539 et,
1185 2449 1234 2525 ob
1250 2451 1305 2540 id,
1327 2449 1497 2556 ejusdem
1512 2449 1726 2525 monasterii

309 2581 512 2657 monachos
532 2580 743 2656 amabiliter
759 2581 921 2684 suscepit
937 2580 984 2654 ad
999 2608 1038 2655 se
1058 2580 1261 2654 venientes.
1284 2578 1431 2683 Reliqui
1451 2594 1577 2656 autem
1598 2608 1729 2655 mona-

309 2711 485 2800 chorum,
504 2738 668 2816 quorum
684 2739 748 2786 cor
762 2711 864 2786 Deus
876 2708 1096 2786 visitationis
1110 2738 1185 2783 suae
1200 2709 1316 2816 gratia
1332 2708 1596 2796 illustraverat,
1617 2736 1729 2815 regu-

309 2839 383 2913 lam
405 2838 673 2943 amplectentes
687 2840 965 2928 monachicam,
987 2840 1034 2914 ad
1055 2839 1249 2945 proprium
1275 2840 1411 2915 reversi
1438 2857 1527 2915 sunt
1546 2857 1731 2915 monaste·

309 2967 427 3057 rium,
444 2968 684 3076 Engelandns
698 2970 888 3060 videlicet,
905 2969 978 3045 loci
992 2969 1105 3074 hujus
1116 2986 1225 3045 antea
1237 2970 1471 3075 prepositus
1487 2969 1731 3047 Grimhaldus

310 3126 397 3173 cum
412 3098 653 3189 Drothwino,
675 3100 753 3206 ipsa
774 3100 974 3176 senectutis
995 3100 1128 3175 canitia
1144 3099 1366 3187 venerandi;
1390 3118 1474 3207 post
1489 3102 1559 3177 hos
1578 3099 1730 3175 Adalol-

309 3229 407 3331 pbus
422 3228 680 3318 etGalandus,
704 3230 919 3336 Siguvinus,
937 3229 1140 3320 Suavinus,
1159 3228 1362 3321 Vullricus,
1381 3229 1602 3334 Sigebaldus
1617 3247 1727 3336 atque

311 3358 528 3465 Adalgcrus.
559 3360 689 3465 Igitur,
717 3362 806 3469 quia
835 3360 947 3437 abbas
967 3360 1157 3437 Gerardus
1183 3346 1455 3436 monasterinm
1485 3360 1524 3434 in
1550 3360 1727 3438 Gandavo

312 3488 442 3577 situm,
469 3490 623 3566 nomine
651 3490 914 3579 Blandinium,
944 3491 1113 3585 tenebat,
1138 3522 1208 3568 nec
1228 3510 1427 3598 utrosque,
1460 3493 1530 3568 hoc
1555 3492 1731 3568 videlicet

313 3632 351 3692 et
370 3617 482 3707 illud,
504 3621 787 3724 praesentialiter
806 3622 1015 3728 gubernare
1036 3639 1203 3728 poterat,
1226 3622 1375 3728 Agiloni
1400 3621 1583 3727 quodam,
1613 3623 1736 3698 sancti·

313 3745 401 3850 Apri
412 3750 609 3837 monacho,
622 3749 813 3826 Toletanae
824 3751 989 3840 civitatis
1003 3781 1089 3828 cum
1101 3753 1302 3843 Womam,
1314 3752 1503 3829 Blandinii
1516 3753 1730 3829 monasterii

314 3876 517 3964 monacho,
540 3906 618 3953 non
638 3908 723 3954 cum
740 3879 883 3955 abbatis
903 3881 1073 3969 nomine,
1090 3884 1273 3988 regularis
1287 3884 1368 3959 vitae
1390 3885 1575 3990 regimen,
1594 3886 1729 3960 comite

308 4003 486 4109 jubente,
510 4024 547 4083 et
567 4007 735 4085 Gerardo
755 4009 889 4084 abbate
911 4008 1189 4118 consentiente,
1212 4038 1431 4086 concessum
1451 4030 1517 4089 est.
1540 4015 1647 4090 Brevi
1667 4043 1732 4091 au-

313 4151 392 4209 tem
405 4152 492 4239 post
506 4137 584 4212 haec
598 4156 785 4243 tempore,
803 4135 961 4245 Agilone
977 4155 1145 4229 mortuo,
1164 4139 1333 4217 Gerardo
1352 4138 1485 4217 abbate
1502 4144 1730 4246 postulante,

316 4281 353 4340 et
373 4267 510 4342 comite
530 4266 687 4343 Asnulfo
708 4285 913 4357 annuente,
935 4269 1072 4360 Wido,
1090 4269 1206 4373 ipsius
1228 4270 1387 4349 Gerardi
1410 4299 1544 4376 nepos,
1559 4274 1673 4354 abbas
1693 4279 1731 4355 in

317 4396 389 4471 hoc
408 4399 636 4475 monasterio
657 4417 904 4489 consecratur,
926 4428 1026 4476 anno
1050 4401 1250 4480 nativitatis
1273 4403 1731 4503 dominicaeoccccxtv11.;

317 4524 387 4599 sub
406 4525 512 4630 cujus
525 4544 697 4632 tempore
712 4529 841 4636 Vuago
857 4529 1010 4634 quidam
1026 4531 1226 4635 puerulus,
1244 4561 1264 4607 a
1278 4551 1382 4639 patre
1404 4533 1557 4626 Odone,
1580 4537 1734 4615 civitatis

318 4654 568 4747 Monsterioli,
581 4659 788 4737 monachus
801 4659 861 4735 hic
872 4660 1022 4737 oblatus
1037 4660 1208 4739 efficitur.
1226 4664 1325 4754 Post,
1338 4663 1461 4742 isdem
1474 4665 1587 4743 abbas
1599 4667 1731 4758 Wido,

233 4904 238 4911 .
360 4816 369 4851 ²
392 4820 435 4881 ΑΙ.
451 4798 641 4891 attentum,
666 4824 797 4885 fflwardi
816 4824 936 4893 llrlius,
953 4848 1000 4888 rex
1015 4825 1135 4907 Angliae.

1487 4955 1522 5015 ¹9
