4478 5842
543 495 590 563 28
888 497 1295 569 CllllllTUbtllllUll
1332 494 1617 569 SlTlllENSE.

540 636 780 714 conlidimus.
802 637 919 744 Igitur
941 657 1139 746 cognoscat
1153 638 1374 748 magnitudo
1393 666 1458 714 seu
1480 637 1623 713 utilitas
1646 653 1764 715 restra
1779 636 1962 742 ‹prodnos

538 766 740 843 venerabili
754 768 833 843 riro
845 768 1017 857 bertino,
1035 769 1159 846 abbati
1179 768 1227 846 de
1240 768 1468 846 monasterio
1483 766 1626 858 sithiu,
1642 767 1717 844 tale
1732 763 1958 843 beneficium

539 900 800 990 concessimus
818 915 860 975 ut
875 898 979 1003 quod
995 897 1089 975 inlra
1105 928 1210 976 rnero
1222 900 1483 991 tlttiniacensc,
1503 898 1550 975 de
1562 898 1650 977 lisco
1662 916 1791 976 nostro
1809 926 1959 1003 compa-

538 1045 658 1105 raturu
682 1028 862 1118 babebat,
892 1046 955 1104 aut
981 1028 1148 1105 inantea
1174 1030 1218 1106 ad
1252 1028 1546 1135 comparandum
1575 1028 1741 1106 invenire
1776 1027 1956 1133 potuerit,

537 1176 670 1263 praeter
692 1157 775 1236 illos
794 1187 944 1235 uransos
967 1159 1069 1235 unde
1091 1187 1221 1265 operas
1244 1161 1417 1236 carrarias
1444 1178 1594 1250 exeunt,
1620 1159 1694 1236 hoc
1712 1158 1848 1235 lrabeat
1869 1185 1958 1235 con-

536 1314 699 1372 cessunu
714 1305 751 1362 et
768 1285 873 1362 nullo
893 1287 1040 1363 reddita
1050 1304 1176 1376 terrac,
1192 1316 1261 1364 ncc
1272 1285 1393 1364 nullas
1407 1286 1618 1365 functiones
1633 1286 1799 1393 publicas
1815 1288 1956 1365 eisdcnr

537 1416 585 1492 ob
594 1418 666 1494 boc
678 1418 823 1523 exigere
832 1445 902 1493 ncc
912 1414 1104 1522 requirere
1117 1445 1193 1493 non
1207 1417 1384 1493 debeatis.
1394 1418 1706 1524 Quaproptcrper
1716 1418 1789 1495 boc
1799 1444 1959 1522 praccep-

538 1564 617 1621 tunr
636 1546 833 1651 specialius
853 1548 1090 1623 decernimus
1110 1546 1382 1635 ordinandum,
1399 1546 1500 1651 quod
1524 1547 1764 1651 inperpetuo
1785 1546 1959 1623 rolurnus
2036 1553 2040 1562 “

538 1703 616 1751 csse
631 1704 867 1765 uransururn,
884 1694 926 1752 ut
943 1704 1066 1782 aeque
1077 1704 1157 1767 ros,
1174 1705 1297 1782 neque
1308 1676 1497 1782 juniores
1512 1704 1578 1752 scu
1593 1702 1823 1753 successores
1836 1678 1957 1766 vestri,

537 1833 605 1881 nec
630 1805 808 1910 quislibet
829 1806 875 1882 de
893 1807 1090 1913 judiciaria
1115 1823 1297 1913 potestate
1317 1806 1527 1895 adcinctus,
1550 1805 1597 1881 dc
1617 1805 1706 1912 ipsis
1724 1805 1834 1882 terris
1854 1807 1958 1912 (prod

537 1932 630 2009 inlra
655 1962 761 2010 rucro
789 1935 1055 2029 tlttiniacensc,
1082 1936 1179 2012 inlra
1205 1936 1287 2040 ipso
1310 1934 1401 2013 fisco
1429 1952 1575 2026 nostro,
1602 1951 1832 2012 memoratus
1863 1936 1957 2013 abba

538 2082 795 2169 cornparatruu
817 2064 947 2154 habet,
970 2083 1033 2141 aut
1058 2065 1237 2171 deinceps
1255 2064 1335 2171 ipse
1351 2063 1411 2141 rel
1437 2090 1667 2141 successores
1686 2064 1761 2153 sui,
1787 2082 1851 2141 aut
1875 2093 1958 2170 pars

538 2193 652 2296 ipsius
674 2195 891 2271 monasterii
922 2223 1134 2300 comparare
1164 2211 1386 2301 potuerunt,
1416 2211 1548 2301 praeter
1569 2194 1656 2272 illos
1678 2222 1828 2271 mansos
1853 2195 1957 2270 unde

538 2341 729 2428 carpentas
747 2342 898 2414 exeunt,
911 2325 1038 2402 nullos
1053 2325 1223 2402 redditus
1236 2343 1357 2415 torrae,
1375 2352 1445 2401 noc
1457 2325 1580 2401 nullas
1592 2323 1803 2402 [unctiones
1814 2323 1956 2401 eisdem

538 2480 611 2528 non
629 2455 827 2560 rccpriratis
841 2482 912 2531 nec
927 2456 1117 2547 exactetis,
1135 2455 1207 2532 nisi
1222 2453 1400 2561 quicquid
1417 2454 1551 2530 exinde
1574 2454 1653 2560 ipsc
1668 2452 1778 2542 abba,
1800 2452 1858 2530 rel
1874 2483 1958 2559 pars

538 2586 751 2662 nxonastcrii
768 2586 826 2664 sui
847 2585 993 2676 Sitlriu,
1011 2605 1075 2663 aut
1093 2613 1324 2663 successores
1344 2585 1421 2676 sui,
1443 2583 1548 2690 quod
1572 2583 1684 2661 fiscus
1697 2599 1826 2661 noster
1844 2586 1957 2688 perci·

537 2741 625 2817 pere
654 2716 836 2818 potuerit,
863 2744 906 2791 cx
933 2734 1062 2794 nostro
1082 2745 1239 2793 munere
1268 2716 1449 2825 largitatis
1474 2715 1547 2791 hoc
1578 2714 1714 2791 lrabeat
1739 2740 1956 2790 eoncessum

539 2861 648 2945 atquc
665 2842 869 2918 indultum.
891 2844 937 2917 tlt
958 2862 999 2918 ut
1018 2845 1096 2919 baec
1118 2847 1316 2948 praeceptio
1340 2845 1483 2920 tirmior
1501 2844 1696 2932 habeatur,
1718 2858 1756 2917 et
1774 2869 1843 2946 per
1862 2859 1959 2920 tenr-

539 2998 628 3074 pora
645 2970 781 3047 urelius
798 2973 1051 3059 conservetur,
1069 2998 1202 3046 uranus
1221 2988 1357 3047 nostrae
1377 2971 1716 3076 subscriptionibus
1732 2998 1813 3047 earn
1831 2972 1957 3050 decre-

539 3100 658 3176 ximus
681 3102 870 3177 roborare.
898 3100 1056 3208 Signum
1076 3101 1228 3209 gloriosi
1253 3102 1349 3208 regis
1370 3104 1611 3178 Tuxonxuu.
1634 3101 1728 3179 Data
1748 3102 1818 3179 sub
1839 3103 1899 3180 die
1922 3132 1954 3181 rt.

541 3229 863 3319 lxal.nox-‘e1nbris,
893 3261 993 3310 etune
1020 3259 1054 3310 x.
1083 3232 1187 3339 regni
1214 3231 1350 3319 nostri,
1380 3230 1618 3339 Conrpendio
1647 3232 1802 3339 palatio,
1829 3233 1866 3310 in
1888 3234 1955 3313 Dei

539 3363 692 3438 nornine
728 3361 928 3439 feliciter.»

1224 3585 1271 3659 X.

1033 3765 1070 3804 DE
1091 3763 1178 3804 cetea
1203 3764 1334 3807 ttthtnrt
1358 3764 1463 3806 cttttTt.

596 3965 705 4038 aluno
726 3959 772 4037 ab
792 3960 1045 4039 incarnatione
1065 3962 1218 4038 Dourini
1236 3988 1433 4052 nctxxtu„
1456 3962 1688 4041 indictione¹
1711 3989 1777 4051 rt,
1801 3964 1855 4040 vir
1873 3968 1958 4071 qui·
2041 3971 2050 3986 '

542 4094 628 4169 daur
650 4092 817 4183 inclitus,
844 4094 999 4169 nornine
1017 4092 1265 4184 Anralsridus,
1288 4094 1444 4170 tradidit
1474 4095 1615 4172 (lonrno
1637 4094 1791 4171 Bertino
1810 4123 1957 4175 monas·

540 4226 676 4299 teriurn
697 4225 801 4329 quod
821 4224 899 4327 ipse
922 4241 1178 4301 construxerat
1201 4224 1241 4298 in
1266 4225 1492 4330 proprietate
1520 4253 1598 4313 sua,
1625 4225 1778 4302 nominc
1799 4226 1957 4304 llunulli
1981 4231 1986 4240 '

542 4352 673 4439 (Jurtc,
693 4354 731 4427 in
748 4380 842 4457 pago
865 4354 1152 4441 Caureraccnse,
1177 4381 1290 4458 super
1307 4355 1421 4431 ssurio
1446 4354 1579 4444 Scald,
1601 4354 1668 4433 ubi
1691 4373 1729 4432 ct
1747 4355 1822 4432 lilia
1841 4354 1960 4463 ipsias

542 4479 699 4559 illustris
710 4481 787 4571 riri,
805 4482 968 4560 tluriana
988 4485 1153 4577 nornine,
1168 4483 1363 4577 abbatissa,
1378 4486 1718 4565 sanctimonialium
1734 4487 1868 4566 rectrix
1881 4515 1959 4567 esse

587 4685 592 4712 ¹
618 4685 705 4745 lndic.
726 4706 754 4745 xx
774 4707 832 4745 nou
850 4708 916 4748 erun
938 4709 962 4746 a.
980 4688 1047 4749 Clu.
1070 4690 1147 4770 l'577,
1169 4688 1218 4748 sed
1278 4711 1421 4749 arurorunr
1441 4712 1509 4750 curu
1531 4711 1570 4749 xxx
1587 4690 1759 4752 'l'lreodcn'ci
1774 4689 1827 4758 ΙΙΙ,
1846 4693 1897 4773 qni
1913 4711 1960 4750 an·

542 4812 610 4851 cunr
626 4812 651 4849 a.
667 4788 742 4871 (lyd,
756 4791 904 4858 corrrcnit;
917 4804 1021 4853 nerrter
1040 4790 1218 4852 reroborurn
1277 4814 1333 4851 uus
1344 4792 1446 4853 incidit
1458 4792 1486 4851 iu
1499 4813 1523 4850 a.
1537 4791 1603 4852 Cbr.
1619 4792 1688 4855 585.
