4478 5842
259 544 262 549 -
302 488 378 582 ast
646 505 1062 581 cularumnron
1091 501 1385 575 srrrrrmss.

896 826 1132 928 nxxxvr.

360 1086 467 1160 Pater
480 1110 568 1158 vero
589 1080 827 1170 Lambertus,
845 1095 889 1154 ut
902 1079 1063 1183 sapiens,
1085 1078 1125 1152 in
1142 1077 1203 1152 die
1218 1076 1407 1153 bonorum
1427 1104 1504 1152 non
1524 1077 1725 1152 immemor

305 1213 510 1300 malorum,
532 1226 708 1289 metuens
727 1211 982 1286 Romanorum
1001 1207 1244 1313 cupiditatem
1267 1224 1303 1284 et
1318 1207 1619 1308 inconstantiam,
1642 1205 1728 1283 Clu-

304 1342 535 1419 niacensium
550 1371 638 1418 vero
654 1340 693 1416 in
710 1369 749 1417 re
777 1338 1006 1445 perficienda
1026 1336 1228 1441 plurimam
1251 1339 1513 1429 constantiam,
1537 1355 1574 1412 et
1592 1335 1662 1414 sibi
1690 1353 1728 1412 et

303 1474 462 1577 posteris
492 1502 560 1578 per
590 1472 730 1547 multos
762 1469 922 1574 quesivit
947 1468 1203 1544 internuntios
1232 1497 1252 1542 a
1280 1465 1594 1544 Cluniacensibus
1628 1466 1727 1571 pacis

304 1603 554 1679 concordiam.
572 1602 694 1691 Quam
712 1614 942 1705 recusantes,
964 1624 1050 1671 cum
1066 1594 1199 1671 abbate
1220 1624 1289 1672 suo
1305 1597 1459 1687 Pontio,
1477 1599 1634 1673 Romam
1649 1624 1729 1701 pro

303 1733 533 1822 ficiscuntur,
556 1758 633 1806 non
652 1746 729 1804 tam
751 1726 867 1804 nostri
885 1755 1009 1816 causa,
1030 1755 1144 1832 quam
1162 1753 1230 1830 pro
1250 1726 1505 1830 recuperanda
1525 1726 1728 1831 apostolica

302 1862 429 1967 gratia.
447 1861 531 1953 Qua
547 1859 606 1935 vix
621 1858 783 1947 reddita,
800 1857 891 1932 dum
907 1853 1038 1940 abbas,
1054 1854 1150 1931 infra
1166 1855 1364 1960 palatium,
1381 1854 1420 1929 in
1436 1854 1603 1962 quodam
1620 1882 1728 1930 cena-

304 1991 390 2067 culo
406 1989 592 2074 residens,
618 2016 704 2064 cum
727 1986 805 2063 suis
824 2001 998 2061 tractaret
1022 1985 1069 2060 de
1091 1983 1218 2071 nobis,
1243 1984 1370 2060 subito
1391 1985 1610 2060 cenaculum
1633 1985 1727 2060 ceci-

304 2120 376 2207 dit,
400 2137 437 2195 et
455 2146 578 2193 unum
600 2133 720 2191 morte
745 2112 940 2203 contrivit,
963 2110 1191 2218 alteriusque
1212 2141 1300 2189 coxa
1317 2114 1368 2190 ita
1388 2112 1591 2206 confracta,
1613 2131 1656 2191 ut
1681 2117 1727 2207 ad

304 2250 513 2355 hospitium
535 2248 710 2323 manibus
729 2244 959 2322 famulorum
985 2245 1248 2349 deportaretur
1270 2277 1278 2321 :
1300 2246 1414 2321 ceteri
1436 2245 1495 2319 vix
1520 2238 1725 2323 evaseruut.

303 2381 417 2474 Quod
437 2380 607 2486 plerique
632 2404 701 2481 pro
726 2376 906 2452 miraculo
930 2374 1127 2464 habentes,
1152 2375 1327 2451 dixerunt
1345 2393 1514 2452 sanctum
1532 2376 1728 2453 Bertinum

304 2540 371 2616 pro
388 2511 465 2586 suis
485 2508 633 2616 injuriis
651 2505 748 2582 illud
765 2506 954 2613 dejecisse.
977 2504 1113 2609 Nilque
1129 2505 1176 2580 ad
1192 2522 1322 2581 votum
1346 2506 1556 2594 consecuti,
1580 2534 1627 2582 ne
1648 2535 1729 2584 om-

304 2642 394 2717 niuo
409 2641 548 2716 rubore
562 2636 892 2744 perfunderentur,
905 2635 1048 2711 litteras
1060 2635 1313 2711 emunctorias
1324 2651 1519 2740 utcunque
1533 2636 1730 2741 adquiren-

302 2789 374 2859 tcs,
392 2769 532 2875 quibus
545 2768 670 2845 abbati
687 2766 887 2842 Lamberto
905 2763 1181 2871 precipiebatur
1194 2782 1237 2841 ut
1253 2766 1299 2841 de
1316 2760 1546 2870 professione
1559 2765 1728 2845 Cluniaci

302 2898 396 2973 sacta
413 2898 674 3002 responderet,
698 2913 761 2970 aut
779 2897 921 3000 prefixo
939 2895 1000 2970 die
1017 2923 1055 2972 se
1077 2895 1278 3000 apostolice
1296 2911 1528 3000 presentaret
1543 2899 1727 3001 potentie,

213 3108 223 3121 ,
303 3028 439 3103 reversi
460 3043 549 3102 sunt
565 3024 847 3112 Cluniacenses;
870 3024 933 3100 sed
955 3040 1084 3100 noster
1103 3023 1233 3115 abbas,
1254 3023 1391 3102 auxilio
1412 3024 1595 3113 Cononis,
1618 3026 1728 3134 legati

303 3156 457 3231 Francie
479 3173 516 3231 et
536 3151 749 3243 cardinalis,
772 3153 882 3230 nobis
901 3153 1008 3230 valde
1024 3153 1132 3229 amici
1151 3154 1416 3248 etfamiliaris,
1437 3157 1505 3233 has
1524 3155 1730 3235 debilitavit

304 3286 456 3362 litteras.

898 3532 1151 3616 LXXXVII.

362 3752 543 3830 Videntes
570 3769 695 3827 autem
718 3755 834 3829 nostri
857 3753 1054 3831 adversarii
1078 3783 1117 3831 se
1137 3755 1308 3862 undique
1335 3756 1496 3862 impares
1522 3785 1616 3850 esse,
1641 3773 1679 3833 et
1708 3787 1730 3837 a

307 3881 438 3957 multis
467 3881 513 3957 de
534 3880 774 3985 improbitate
794 3910 861 3958 sua
880 3880 950 3958 sibi
976 3882 1162 3989 derogari,
1183 3882 1406 3963 simulavere
1425 3915 1465 3964 se
1491 3886 1730 3965 concordiam

307 4012 492 4118 suscipere
508 4012 617 4089 velle.
635 4012 753 4120 Cujus
771 4014 824 4088 rei
840 4014 972 4121 gratia,
989 4032 1094 4118 pater
1108 4014 1347 4107 Lambertus,
1364 4044 1449 4092 cum
1462 4018 1632 4095 Johauue
1645 3998 1731 4124 pre-

308 4141 409 4233 sule,
428 4141 650 4220 Cluuiacum
671 4159 870 4229 venerunt;
892 4142 1107 4249 factumque
1124 4160 1180 4221 est
1198 4162 1257 4231 ut,
1278 4175 1364 4222 cum
1384 4144 1441 4223 illi
1461 4164 1612 4252 tempus
1630 4148 1732 4225 redi-

310 4289 455 4348 mentes
471 4272 649 4349 meliorcs
665 4290 901 4378 expectarent
919 4273 1015 4359 dics,
1033 4291 1161 4351 noster
1175 4278 1327 4383 qnoque
1342 4274 1472 4362 abbas,
1490 4277 1520 4352 si
1536 4277 1640 4354 aliud
1655 4304 1734 4357 uon

309 4416 450 4503 posset,
467 4430 596 4505 pacem
609 4418 757 4478 tantum
770 4402 809 4478 in
823 4401 959 4479 diebus
971 4404 1048 4481 suis
1058 4404 1282 4510 acquireret,
1300 4403 1418 4482 fucata
1432 4404 1559 4511 potius
1571 4404 1734 4503 amicitia

308 4555 423 4634 quam
432 4556 526 4617 vera,
540 4530 697 4607 invicem
709 4533 1056 4610 reconciliarentur.
1068 4533 1339 4641 Concessisque
1350 4534 1407 4610 illi
1418 4535 1625 4626 monacbis,
1635 4561 1733 4641 quos

309 4658 413 4763 prius
428 4657 576 4749 habuit,
593 4660 640 4735 ad
655 4687 739 4750 nos,
758 4690 844 4737 cum
861 4662 984 4740 lavore
1001 4663 1185 4768 adquisite
1199 4663 1398 4758 libertatis,
1414 4665 1542 4757 rediit,
1561 4663 1730 4743 futurum

308 4806 351 4865 ut
364 4807 449 4895 post
464 4789 546 4897 ejus
561 4788 722 4879 obitum,
739 4818 813 4894 que
829 4792 1018 4896 pacificata
1029 4791 1262 4885 videbantur,
1280 4795 1319 4871 in
1330 4795 1443 4903 cbaos
1457 4810 1733 4874 reverterentur
