4478 5842
322 479 370 549 92
628 484 637 493 '
671 475 1074 548 CHARTULARIUM
1106 475 1386 548 SITHIENSE.

321 616 390 693 sed
410 634 608 722 postquam
628 615 759 691 datum
787 633 841 693 est
869 615 1006 706 oculis,
1027 616 1196 725 quamvis
1218 615 1370 723 procul,
1394 643 1547 692 cernere
1567 617 1740 694 multitu-

323 747 451 824 dinem
471 746 602 852 populi
624 745 875 837 adventantis,
902 747 1099 852 protractis
1124 775 1389 852 campanarum
1410 746 1582 834 funibus,
1610 776 1739 825 vocem

323 876 559 953 laudantium
585 903 718 953 omnes
743 876 933 954 dederunt
960 877 1000 953 in
1029 876 1194 955 excelsis.
1219 876 1442 955 Antedictus
1465 893 1591 954 autem
1616 895 1741 956 custos

323 1006 503 1097 ecclesiae,
529 1009 676 1098 Morus,
701 1024 793 1083 tunc
816 1008 864 1083 ad
892 1035 1061 1084 mensam
1089 1009 1237 1084 sederat
1259 1007 1499 1116 uepulaturus3
1516 1025 1581 1098 et,
1610 1008 1740 1086 audito
1863 1005 1865 1008 ⁴

322 1165 583 1241 campanarum
605 1136 745 1226 sonitu,
762 1136 966 1244 interrogat
982 1144 1063 1242 quae
1080 1154 1176 1215 esset
1189 1165 1295 1215 causa
1311 1166 1382 1245 pro
1396 1165 1470 1244 qua
1489 1138 1620 1245 populi
1637 1155 1740 1215 tanta

322 1266 531 1342 exultarent
560 1265 690 1344 letitia.
716 1266 944 1374 Dictumque
971 1283 1028 1344 est
1051 1266 1108 1344 illi
1136 1297 1157 1343 a
1185 1267 1437 1358 narrantibus,
1464 1268 1567 1375 quod
1593 1285 1740 1346 sanctus

321 1395 558 1474 Andomarus
586 1425 606 1472 a
632 1396 819 1502 Folquino
843 1397 1021 1503 pontifice
1046 1415 1143 1474 esset
1165 1399 1357 1489 reductus,
1385 1415 1425 1474 et
1446 1398 1496 1475 ob
1525 1398 1599 1474 boc
1624 1396 1742 1474 letitia

320 1544 422 1602 tanta
445 1543 601 1601 cunctus
629 1525 811 1600 exultaret
832 1525 1007 1629 populus.
1035 1525 1150 1617 Quod
1174 1527 1330 1602 audiens
1362 1527 1523 1603 nimium
1550 1526 1739 1617 turbatus,

321 1658 414 1759 iram
440 1655 511 1731 Dei
535 1652 803 1730 reducentibus
822 1653 1017 1729 confestim
1043 1670 1099 1730 est
1121 1654 1358 1759 imprecatus.
1380 1658 1567 1733 Necdum
1593 1658 1640 1733 ab
1661 1657 1742 1764 ejus

321 1813 386 1861 ore
419 1785 546 1861 illicita
573 1783 785 1860 exciderant
808 1782 919 1860 verba
928 1784 941 1872 ,’
968 1800 1071 1860 cum·
1088 1802 1242 1889 repente
1269 1782 1361 1861 lacie
1391 1802 1503 1862 tenus
1530 1786 1570 1862 in
1601 1804 1739 1863 terram

320 1915 412 2004 ruit,
440 1928 597 2020 totoque
624 1941 779 2019 corpore
801 1913 963 2020 rigidus,
986 1912 1157 1991 distentis
1184 1912 1443 1990 membrorum
1467 1915 1604 2004 nervis,
1631 1917 1743 2000 semi-

320 2045 421 2125 vivus
443 2044 633 2121 emarcuit.
656 2044 718 2120 Sic
742 2059 889 2120 tantum
915 2042 1087 2150 stupidus
1113 2042 1162 2119 ad
1183 2060 1364 2121 sanctum·
1380 2043 1576 2120 Bertinum
1601 2060 1658 2120 est
1676 2045 1741 2121 de·

320 2191 506 2279 portatus,
535 2174 664 2280 ibique
688 2174 793 2280 quod
816 2173 930 2251 verbo
953 2191 1064 2250 tenus
1086 2173 1274 2251 commisit
1298 2173 1447 2250 diutino
1471 2173 1649 2282 languore
1676 2202 1740 2280 pe-

320 2305 444 2380 nituit.
480 2305 573 2384 Nam
600 2304 680 2382 visu
712 2322 750 2381 ct
775 2304 905 2380 auditu
940 2320 1181 2410 recuperato,
1215 2332 1327 2381 sensu
1358 2303 1408 2380 ita
1439 2303 1515 2379 fine
1546 2320 1657 2382 tenus
1685 2322 1741 2382 est

319 2434 499 2537 privatus,
521 2451 564 2510 ut
584 2462 777 2541 nunquam
797 2451 923 2541 posset
943 2434 1236 2545 animadvertere
1251 2433 1380 2540 quain
1405 2449 1509 2538 parte
1529 2432 1738 2511 sancti'Au·

320 2563 465 2640 domari
494 2564 765 2641 monasterium
793 2564 983 2641 videretur
1008 2544 1172 2670 positum
1198 2592 1288 2641 esse.
1320 2563 1466 2669 Corpus
1491 2581 1615 2640 autem
1639 2563 1738 2641 beati

319 2694 524 2772 Andomari
550 2693 676 2801 presul
696 2695 904 2801 Folquinus
929 2712 1028 2772 terra
1051 2695 1281 2785 recondidit,
1303 2708 1351 2772 ne
1377 2724 1399 2771 a
1426 2694 1740 2801 subsequentibus

319 2826 426 2930 parili
445 2826 561 2902 modo
576 2842 702 2930 posset
717 2812 865 2902 auferri.
888 2828 975 2902 Post
994 2826 1073 2902 haec
1092 2824 1206 2902 abbas
1223 2828 1331 2933 Hugo
1346 2854 1367 2910 a
1382 2824 1519 2903 Karolo
1538 2853 1628 2934 rege
1649 2823 1763 2931 [euo‚

320 2953 474 3058 nepote]
493 2952 730 3058 Aquitaniam
744 2953 894 3043 minus,-
911 2970 1066 3059 propter
1081 2953 1250 3062 ejusdem
1269 2955 1367 3062 regis
1384 2954 1627 3045 fidelitatem,
1650 2954 1740 3031 dolo

319 3081 466 3187 Pippini
492 3080 708 3159 interfectus
735 3100 790 3159 est
811 3109 913 3162 xvnr.
939 3082 1009 3158 kal.
1032 3082 1149 3189 junii,
1171 3111 1271 3161 anno
1300 3083 1564 3161 incarnationis
1584 3082 1740 3162 Domini

319 3237 521 3289 ncccxcnn.
541 3210 750 3320 [regiminis
768 3213 826 3289 sui
841 3213 953 3319 hujus
971 3211 1044 3289 loci
1061 3240 1160 3290 anno
1177 3213 1355 3320 decimol.
1375 3215 1465 3290 Erat
1479 3230 1603 3298 autem
1619 3212 1750 3299 isdem.

318 3342 498 3447 Pippinus
519 3369 634 3448 quem
658 3371 768 3448 supra
793 3343 833 3418 in
861 3343 1090 3420 monasterio
1110 3343 1226 3420 sancti
1252 3343 1422 3461 Mednrdi
1447 3361 1635 3422 attonsum
1661 3370 1742 3420 me·

319 3473 476 3579 moravi,
498 3473 583 3579 qui,
615 3473 754 3559 exinde,
778 3501 847 3582 per
872 3473 999 3581 lugam
1022 3470 1183 3581 elapsus,
1211 3472 1451 3580 Aquitaniam
1475 3491 1532 3551 est
1555 3501 1737 3565 reversus,

319 3601 447 3708 ibique
467 3600 597 3678 multis
616 3601 750 3679 diebus
769 3576 1112 3711 fugitando⁰latuit;
1134 3621 1172 3680 et
1190 3620 1275 3709 post
1294 3603 1372 3680 haec
1392 3632 1414 3679 a
1431 3602 1635 3681 Ramnullo
1647 3628 1743 3708 qno*

320 3731 406 3808 dam
423 3716 496 3837 per‘
510 3732 627 3809 [idem
646 3748 703 3808 est
723 3732 920 3838 deceptus,
944 3733 1254 3840 comprehensus,
1273 3733 1428 3840 regique
1448 3733 1585 3811 Karolo
1600 3749 1657 3810 est
1674 3731 1739 3836 ad·

320 3862 473 3953 ductus,
500 3877 537 3937 et
556 3860 807 3940 Silvanectum
831 3881 1013 3972 perpetuo
1039 3881 1096 3941 est
1121 3862 1233 3941 exilio
1256 3864 1465 3969 deputatus.

998 4160 1069 4233 IX.

805 4322 822 4359 ⁸
855 4339 891 4384 nn
913 4342 1064 4383 nnucsnno
1087 4304 1215 4384 seierus
1713 4380 1739 4425 ⁸

1546 4436 1549 4441 ·
1683 4432 1707 4479 ο

378 4517 466 4593 Post
483 4519 682 4624 llugonem
701 4536 827 4595 autem
846 4522 1020 4600 abbatem
1040 4519 1334 4628 [duodecimum]
1356 4535 1738 4637 supramemoratum,

321 4646 435 4725 abbas
464 4644 624 4724 efficitur
646 4648 853 4729 Adalardus
877 4652 916 4728 in
939 4654 1012 4730 boc
1036 4651 1208 4729 coenobio
1233 4652 1382 4740 sithiu,
1413 4666 1542 4727 sancto
1565 4650 1678 4727 Petro
1702 4663 1741 4724 et
1821 4674 1832 4691 ·

235 4838 240 4847 .
322 4796 448 4857 sancto
462 4768 652 4856 Bortinae
667 4798 770 4886 patre
785 4783 963 4861 Hunroco
978 4780 1142 4874 oblatum
1157 4782 1223 4860 sed
1239 4799 1325 4888 post
1342 4780 1544 4859 canonicus
1560 4777 1644 4886 [sub
1657 4775 1743 4854 Fri-
