4478 5842
887 418 1160 552 PROLUDlA.

709 611 882 685 Bertinum
902 614 1116 690 Constancia.

707 731 773 803 Sed
788 748 826 804 ut
842 733 948 807 fidem
961 738 1168 840 predicaret,

705 854 754 924 Ac
772 857 939 929 talentum
953 862 1146 954 ampliaret,

704 975 906 1073 Peregrinus
919 977 957 1050 fit
972 980 1129 1054 Bertinus

704 1098 921 1170 Morinorum
934 1106 1051 1195 patria.

703 1217 796 1288 Dum
808 1221 946 1290 vineam
959 1222 1016 1293 hic
1033 1226 1153 1319 rigavit

702 1338 920 1410 Andomarus
933 1367 1037 1437 quom
1050 1345 1231 1438 plantavit,

703 1459 811 1530 Factis
826 1464 953 1533 mirum
965 1463 1046 1534 lecit
1059 1468 1171 1536 virum

702 1579 827 1650 Divina
843 1585 1006 1677 potentia.
1082 1630 1085 1638 ,

701 1701 864 1797 Angelico
882 1706 1024 1801 remigio

681 1850 686 1861 ·
701 1820 833 1927 Ductus
849 1839 900 1894 est
914 1824 982 1895 huc
1002 1829 1151 1923 navigio,
1234 1842 1236 1848 '

700 1943 872 2015 Adversus
886 1944 1009 2018 fluctus
1022 1967 1176 2045 superat,

700 2065 753 2135 Ad
764 2067 881 2138 locum
897 2068 1035 2165 quando
1050 2087 1227 2166 properat,

701 2187 856 2260 Bertinus
867 2215 974 2307 mmm
991 2192 1150 2287 elegerat,

698 2309 761 2380 Dei
771 2310 997 2404 providentia.

678 2430 833 2505 -Demon
850 2435 948 2502 exita
965 2436 1115 2528 captivo,

699 2553 742 2622 Et
756 2553 927 2624 claustrali
942 2553 1083 2649 fugitivo

699 2674 815 2743 Placet
825 2676 1022 2765 penitentia.

697 2794 769 2880 Qui
780 2797 920 2866 Bertino
934 2793 1148 2875 famulamur,

694 2916 908 2988 l‘emulando
926 2939 1122 2986 mereamur

695 3036 777 3134 Ejus
792 3037 998 3131 patrocinio,

695 3160 738 3231 Ut
754 3161 920 3255 cumipse
933 3181 1169 3254 properemus,

694 3283 737 3354 Et
751 3308 831 3353 cum
846 3283 921 3377 ipso
934 3280 1156 3351 decantemus

693 3405 848 3476 Celicum
863 3400 1027 3499 Alleluya.

352 3750 504 3822 Prolatus
522 3754 652 3846 quivis,
672 3764 730 3821 aut
743 3749 886 3822 ecclesie
901 3752 1095 3844 episcopus,
1112 3773 1183 3821 non
1198 3765 1358 3822 censetur
1369 3750 1546 3830 dominus,
1565 3751 1625 3820 sed
1638 3752 1721 3822 dun-

301 3885 388 3942 taxat
409 3873 663 3943 administrator
679 3871 723 3942 ad
741 3873 864 3953 vitam,
882 3885 916 3951 et
937 3870 1051 3940 adhuc
1074 3895 1155 3941 cum
1176 3871 1265 3942 bene
1288 3871 1515 3952 administrat,
1542 3898 1606 3943 nec
1640 3873 1720 3942 alias

301 3993 406 4086 (011.
417 4011 450 4065 et
461 3992 850 4088 lll.Dedonntion.).Nec
861 3995 892 4062 ei
904 3993 1070 4084 permissa
1080 3992 1384 4085 quevisbonorum
1396 3995 1538 4065 ecclesie
1549 3996 1716 4074 alienatio,

299 4117 446 4184 maxime
464 4115 714 4193 immobilium,
735 4116 806 4186 sire
820 4111 1183 4209 rerumcorporalium
1199 4130 1257 4183 aut
1271 4115 1559 4208 incorporalium,
1583 4133 1621 4186 ut
1635 4117 1719 4186 Jon'-
1766 4208 1770 4217 ,

297 4234 440 4305 dictionis
453 4235 615 4328 capitulo,
632 4234 725 4306 Nulli
738 4233 776 4305 da
791 4233 880 4306 relus
893 4233 1020 4305 ecclesie
1034 4259 1095 4304 non
1106 4232 1279 4304 alienandis
1288 4262 1298 4312 ,·
1314 4259 1378 4305 nec
1401 4237 1503 4305 etiam
1516 4234 1558 4304 ad
1578 4237 1717 4333 longum
1754 4222 1766 4247 ²

299 4370 433 4450 tempus
450 4354 650 4441 transferre,
665 4369 784 4451 utputa
799 4354 922 4426 decem
938 4378 1119 4427 annorum.
1136 4354 1300 4427 Tercium
1318 4381 1520 4453 responsum
1535 4356 1627 4428 doct.
1649 4359 1716 4429 Ne-

298 4477 378 4545 mini
394 4478 477 4547 enim
492 4476 529 4547 tle
541 4480 676 4571 suojure
692 4475 810 4571 aliqnl
823 4487 869 4549 est
881 4475 1111 4549 terrulentum.
