4478 5842
257 497 328 572 tta
756 496 1169 570 CHARTULARIUM
1260 536 1263 540 ·
1366 516 1386 543 ·’

884 797 1045 871 XLIII.

277 1099 279 1107 Α
311 992 491 1098 Rogerius
522 990 568 1067 de
592 989 716 1068 Buslei
740 990 912 1071 vendidit
929 990 1070 1073 domno
1096 990 1220 1068 abbati
1240 993 1413 1074 Rainerio
1438 1012 1477 1071 et
1497 995 1577 1101 ejus
1590 1023 1670 1071 mo

243 1121 384 1197 ’nachis
404 1119 588 1227 decimam
607 1110 778 1228 ejusdem
793 1119 909 1209 villae,
926 1120 1067 1197 scilicet
1086 1120 1230 1209 Buslei,
1244 1122 1568 1228 quemadmodum
1597 1121 1668 1199 sibi

250 1248 337 1354 jure
361 1249 588 1328 hereditario
619 1250 871 1356 competebat,
896 1278 965 1356 pro
991 1248 1097 1338 libris
1115 1251 1365 1358 ¹denariorum
1385 1279 1430 1329 nx
1460 1271 1504 1334 et.
1520 1279 1571 1330 xu
1596 1269 1633 1328 et
1656 1280 1668 1327 1

256 1407 367 1485 equo.
391 1382 439 1456 Et
458 1407 504 1456 ne
525 1381 609 1486 quis
633 1379 747 1488 hujus
771 1379 997 1457 venditionis
1016 1380 1133 1485 possit
1154 1382 1408 1458 contradictor
1422 1382 1480 1459 veI
1504 1381 1669 1486 calump-

256 1509 377 1584 niator
399 1509 570 1599 existere,
587 1507 790 1594 Willelmi‚
808 1508 986 1614 principis
1006 1511 1325 1601 Normannorum,
1343 1512 1545 1590 roboratur
1563 1511 1669 1618 signo

257 1655 293 1714 ct
313 1638 543 1714 auctoritate.

421 1819 546 1901 Signum
557 1817 730 1887 ,Wucnnna
750 1820 874 1880 comitis.
896 1818 1020 1908 Signum
1038 1821 1163 1882 Rocenn
1182 1821 1221 1882 de
1237 1821 1345 1883 Buslei.
1355 1822 1485 1904 Signum
1503 1823 1667 1889 Roranam,

463 1921 577 1985 comitis
591 1920 628 1982 dc
642 1922 733 1983 Anco.
750 1921 875 2002 Signum
888 1921 1057 1990 Hermum,
1071 1924 1157 2005 cujus
1175 1935 1237 1984 erat
1253 1918 1322 2005 pars
1340 1923 1468 1985 decima.
1480 1924 1603 2005 Signum
1615 1922 1673 1984 Ro-

464 2043 553 2084 nnnrr
566 2022 603 2084 de
612 2022 726 2084 Cancei.
740 2022 865 2104 Signum
882 2025 1012 2086 Horum
1028 2025 1246 2086 de'Drinconrt.
1259 2026 1385 2107 SIgnum
1395 2026 1522 2086 Ricanor
1535 2026 1572 2087 de
1584 2025 1670 2085 Drin·

464 2136 555 2186 court.
568 2124 694 2207 Signum
703 2126 856 2194 Turocnr,
872 2128 965 2192 fratris
976 2130 1048 2211 ejus.
1061 2128 1103 2187 Ex
1121 2140 1220 2189 nostra
1236 2139 1316 2209 parte
1328 2139 1433 2189 testes:
1450 2128 1670 2190 Rornenrnsde

465 2225 593 2295 Allium
610 2228 775 2297 Risimus,
786 2228 929 2301 senescah
938 2228 1100 2292 Osunumm
1114 2230 1152 2291 de
1166 2229 1323 2311 Putangle;
1336 2231 1527 2301 Banuannns,
1539 2252 1636 2292 cocus.

759 2526 766 2534 ⁴
890 2513 1036 2590 XLIV.

314 2700 478 2797 Quidam
493 2676 548 2780 vir
561 2703 777 2794 Godardus,
790 2734 909 2812 nepos
920 2706 1062 2784 scilicet
1072 2705 1235 2799 Ernulfi,
1251 2706 1423 2814 ejusdem
1435 2705 1531 2782 vitlae
1543 2705 1669 2783 Buslei

256 2835 449 2942 prepositi,
474 2835 657 2912 decimam
671 2835 907 2913 totiusterrae
927 2864 1001 2913 suae
1015 2838 1096 2944 jam
1116 2835 1215 2912 dicto
1234 2836 1358 2913 abbati
1380 2855 1418 2924 et
1438 2837 1519 2944 ejus
1544 2864 1673 2912 mona·
1702 2857 1705 2864 “

257 2966 336 3041 chis
352 2965 508 3042 tradidit
522 2965 562 3041 in
577 2964 764 3054 alodium,
786 2966 969 3074 accipiens
989 2967 1035 3044 ab
1056 2965 1132 3044 iIIis
1151 2995 1172 3042 ι
1189 2966 1331 3045 solidos
1352 2967 1605 3049 denariomm.

425 3165 548 3246 Signum
567 3165 711 3227 Gonaanr.
736 3166 862 3248 Signum
877 3120 1027 3238 Enuunrr,
1045 3168 1202 3251 prepositi,
1224 3163 1361 3231 avunculi
1376 3165 1509 3251 ejusdem
1531 3166 1671 3228 Godardi.

466 3268 580 3329 Testes:
595 3267 759 3338 Ricarnns.
772 3271 914 3341 senescah
931 3272 1125 3341 Beruenses,
1140 3293 1236 3333 cocus.

772 3558 786 3662 ζ
902 3553 1073 3661 XLV»

315 3762 495 3870 Sigillatio
509 3761 568 3839 vel
584 3759 781 3866 affirmatio
798 3756 1021 3840 'donationis
1049 3779 1157 3838 terrae
1178 3763 1225 3840 de
1246 3760 1455 3852 ScIavelIis,
1483 3790 1596 3867 quam
1627 3761 1673 3838 ab

258 3893 420 3971 Henrico
449 3894 496 3969 de
521 3892 656 3970 Sancto
684 3888 808 3971 Salvio
828 3919 876 3970 xx
907 3891 1012 3971 libris
1037 3893 1283 3969 denariorum
1304 3893 1415 4006 *prins
1442 3919 1673 3982 emeramus,

258 4050 447 4131 quamque
465 4023 679 4103 Gualterius
698 4021 889 4114 Gifardus,
911 4022 1088 4099 dominus
1104 4022 1200 4129 ejus,
1222 4049 1297 4100 suae
1312 4049 1543 4128 suorumque
1563 4019 1675 4098 saluti

257 4155 487 4260 prospiciens
502 4153 540 4230 in
558 4152 745 4244 futurum,
762 4179 831 4261 pro
848 4152 1019 4230 remedio
1040 4153 1172 4231 animae
1187 4181 1261 4230 suae
1277 4153 1524 4258 omniumque
1540 4177 1676 4257 paren-

259 4299 339 4357 tum
359 4312 533 4373 suorum,
557 4283 662 4361 dedit
674 4300 712 4359 et
723 4282 909 4361 'concessit
927 4281 1069 4359 Sanctae
1085 4282 1259 4360 Trinitati
1277 4281 1316 4357 in
1331 4295 1553 4387 perpetuam
1567 4280 1678 4356 here·
1778 4269 1783 4280 ¹

259 4411 425 4491 ditatem.
447 4416 734 4526 Inprecatusque
754 4431 809 4493 est
826 4414 943 4523 hujus
952 4429 1058 4491 terrae
1076 4414 1262 4491 invasores
1281 4439 1349 4489 seu
1360 4409 1677 4515 calumpniatores

258 4557 440 4646 perpetuo
454 4546 701 4632 anathemate,
719 4545 790 4621 nisi
804 4543 965 4622 celerius
977 4543 1204 4649 resipuerint
1220 4539 1500 4647 condempnari.
1514 4540 1586 4616 Pro
1602 4567 1677 4644 qua

259 4671 544 4749 confirmatione
566 4673 688 4750 eidem
704 4672 916 4766 Gualterio,
937 4670 1112 4767 societate
1126 4671 1243 4749 nostri
1268 4669 1484 4749 monasterii
1508 4685 1674 4774 recepta,

260 4802 437 4878 adomno
457 4801 589 4883 abbate
613 4801 786 4880 Rainerio
807 4821 845 4879 et
865 4803 1005 4881 cunctis
1025 4788 1218 4889 fratribus,
1242 4829 1459 4880 concessum
1481 4815 1536 4875 est
1559 4798 1611 4887 ei,
1633 4812 1677 4871 ut
