4478 5842
630 501 633 506 ·
679 485 803 558 rsus
828 483 1071 581 sueonos.
1090 525 1141 537 --
1159 483 1370 556 sruosis
1396 483 1488 554 mu
1516 462 1542 553 ι’.
1733 490 1822 561 oon

408 626 502 703 simo
523 627 674 734 quinto,
701 641 833 733 quarto
857 652 975 700 nonas
999 624 1152 734 martis,
1170 623 1281 699 nobis
1305 622 1483 698 ssentibus
1507 638 1545 698 et
1564 622 1823 728 psallentibus,

410 755 544 832 efflavit
563 756 746 862 spiritum.
776 737 1001 861 ablutoque
1019 771 1058 830 et
1076 738 1212 830 induto
1237 770 1335 830 veste
1356 752 1596 840 sacerdotali,
1613 781 1683 857 pro
1703 781 1823 841 more,

410 886 652 992 corpusculo,
679 885 842 961 lacrimis
861 885 935 965 hoc
950 882 1224 1005 deducentibus
1238 883 1467 988 psalmisque
1485 881 1765 971 comitantibus,
1787 884 1826 958 in

410 1015 562 1093 ecelesia
587 1017 810 1121 deponitur,
838 1013 984 1120 ibique,
1005 1013 1201 1091 celebratis
1212 1011 1429 1120 'vigiliarum
1457 1012 1620 1087 excubiis
1642 1042 1727 1088 cum
1750 1012 1828 1089 luc·
1868 1087 1873 1095 ,

365 1129 368 1134 ’
409 1147 526 1224 tuosis
541 1124 771 1252 psalmorum
793 1143 1055 1234 concentibus,
1079 1142 1322 1248 subsequenti
1346 1143 1423 1235 die,
1444 1171 1576 1220 omnes
1597 1171 1692 1247 pene
1716 1143 1829 1251 hujus

275 1370 279 1377 .
409 1277 518 1384 burgi
544 1277 640 1353 cives
658 1274 790 1350 indicti
810 1272 1048 1349 conveniunt.
1068 1244 1164 1348 Cirm
1184 1270 1321 1376 quibus
1337 1288 1374 1347 et
1394 1273 1607 1376 prepositus
1621 1274 1736 1378 sancti
1752 1274 1829 1351 Au-

412 1404 575 1491 domari,
596 1403 774 1509 idemque
789 1394 1073 1478 archidiaconus
1089 1399 1244 1475 ecclesie
1254 1401 1522 1488 Taruanensis,
1540 1428 1626 1475 cum
1640 1403 1829 1506 preposito

410 1533 623 1612 Watinensi
647 1549 684 1609 et
702 1531 924 1609 clericorum
943 1529 1209 1631 multitudine,
1226 1543 1365 1605 assum.
1391 1528 1508 1617 Pacta.
1521 1557 1609 1636 ergo
1633 1531 1830 1611 missarum

410 1642 727 1768 frequentatione,
747 1659 1114 1766 elemosinarumque
1131 1657 1416 1746 distributione,
1430 1675 1468 1735 et
1475 1660 1692 1757 stationaria
1709 1664 1831 1762 aninre

412 1791 755 1882 commendatione,
778 1819 799 1867 a
818 1788 1074 1869 sacerdotibus
1087 1788 1368 1893 vispilionibus,
1383 1788 1431 1867 ad
1445 1789 1831 1877 tumulumdclertur.

412 1921 445 2001 Ο
463 1907 624 2027 quantus
644 1920 776 1998 dolorl
798 1920 883 2026 quis
900 1919 1083 2026 gemitus!
1104 1936 1244 2024 quanta
1266 1919 1443 2023 suspirial
1464 1938 1603 2024 quante
1623 1921 1776 2001 lacrime
1795 1923 1835 2001 il-

414 2050 494 2127 lum
510 2050 620 2127 uobis
631 2049 742 2137 diem
758 2049 959 2139 reddidere
976 2048 1178 2159 lugubrem
1194 2053 1202 2125 l
1227 2075 1424 2155 nusquam.
1436 2078 1605 2156 unquam
1624 2053 1753 2130 recolo
1771 2083 1832 2129 me

412 2180 560 2257 audisse
583 2196 660 2256 tam
686 2179 875 2256 luctuosas
899 2178 1041 2257 firneris
1066 2176 1256 2283 exequias,
1285 2205 1358 2282 que
1386 2178 1483 2281 adeo
1506 2180 1649 2285 gemitu
1682 2181 1833 2277 dilatate

413 2325 675 2400 exercuerant,
698 2325 742 2386 ut
760 2309 968 2416 psalmodio
991 2306 1203 2401 modulatio
1223 2307 1386 2416 gemitus
1407 2307 1626 2386 confusione
1646 2308 1834 2415 planctus—

412 2467 493 2544 que,
507 2418 788 2547 opprimeretur
808 2439 939 2516 dolore
960 2439 1091 2515 nimio.
1108 2437 1356 2545 Tandemque
1379 2438 1426 2513 ab
1448 2438 1565 2515 oculis
1585 2440 1757 2518 omnium
1777 2418 1834 2518 se-

412 2568 532 2674 pulcri
552 2568 807 2676 proiunditate
827 2568 1017 2655 adimitur,
1037 2568 1076 2643 in
1097 2568 1319 2644 occidentali
1339 2596 1459 2644 cornu
1473 2568 1760 2678 claustri,juxta
1775 2600 1833 2648 ca-

410 2698 521 2805 pituli
541 2699 760 2785 introitum3
780 2695 851 2772 sed
868 2697 1087 2803 adbuc-ejus
1107 2695 1273 2801 probitas
1287 2697 1511 2804 pietatisque
1528 2700 1695 2779 studium
1708 2700 1749 2778 in
1764 2729 1829 2779 ore

410 2827 617 2906 multorum
640 2855 718 2903 non
740 2825 917 2902 inmerito
938 2841 1114 2903 versatur.

1012 3096 1224 3139 sesmarutott.

649 3294 652 3299 ,
700 3232 808 3307 Quarta
823 3232 886 3294 dies
899 3233 1013 3302 marus,
1029 3233 1132 3293 mortis
1146 3233 1323 3315 singultibus
1337 3235 1420 3304 artis,

698 3334 782 3400 Claro
795 3335 968 3405 suis'annis,
983 3334 1088 3396 clausit
1099 3336 1148 3418 pia
1162 3348 1241 3418 gesta
1252 3335 1404 3397 lobannis.

699 3435 789 3521 Cujus
803 3438 927 3519 peccatis
940 3437 1101 3519 parcendo,
1120 3448 1168 3498 tue
1182 3439 1296 3520 pietatis
1513 3425 1518 3430 ’

700 3538 972 3606 Munere,'sidereis
985 3539 1065 3599 hunc
1074 3544 1195 3623 jungas.
1206 3538 1341 3606 Christe.
1354 3541 1482 3625 choreis:

698 3639 735 3700 Et
750 3641 790 3701 sis
808 3642 836 3702 ei
850 3651 977 3709 marces,
991 3642 1044 3723 qui
1058 3653 1133 3704 nutu
1151 3653 1257 3704 cuncta
1269 3641 1418 3711 coherces.

698 3741 737 3802 Ut
756 3745 805 3804 cui
820 3742 987 3827 congaudet
997 3743 1127 3824 gaudens
1141 3765 1192 3826 per
1205 3743 1304 3807 secula
1318 3744 1425 3807 laudet.

1000 3947 1233 4009 eetrutnfl'tuffl.
1344 3944 1348 3951 ”

700 4093 829 4175 Regibus
845 4115 879 4154 ex
893 4095 1021 4177 proavis.
1038 4095 1146 4179 probus
1161 4095 1276 4166 indole,
1291 4086 1389 4160 mente
1404 4103 1514 4168 suavis.

678 4291 680 4294 v
740 4194 808 4256 Dux
823 4196 1039 4268 bohemis
1053 4198 1145 4280 gloria
1158 4196 1266 4282 magna
1281 4199 1353 4269 tuis;

697 4296 794 4373 Qiem
809 4301 899 4383 pictas
912 4320 1014 4363 earum
1025 4301 1106 4371 iecit,
1121 4303 1241 4364 victoria
1254 4303 1378 4365 clarum.
1468 4336 1472 4345 ·

449 4492 456 4522 ¹
480 4492 598 4578 Scilicet
612 4493 729 4556 Roberti
743 4471 881 4559 Friionis.
