4478 5842
295 474 371 547 258
642 476 1055 552 CHARTULARIUM
1081 476 1365 550 strumusn.

295 618 397 695 locus
430 620 494 695 ille
525 622 564 695 in
595 622 831 696 contermino
862 620 1017 696 ecclesie
1052 638 1175 696 sancte
1204 619 1273 695 Dei
1308 618 1501 725 genitricis
1531 621 1649 697 Marie
1681 636 1719 697 et
1799 602 1804 608 ⁵

295 749 391 825 beati
413 751 634 841 Andomari,
665 753 831 856 itemque
857 753 972 827 sancti
1000 750 1099 827 Petri
1129 768 1167 826 et
1191 750 1307 825 sancti
1327 750 1489 842 Bertini,
1516 779 1564 826 ne
1592 768 1720 856 posset

295 880 491 985 quisquam
512 881 729 956 mortalium
752 879 1000 956 ecclesiastico
1016 879 1103 984 jure
1124 879 1287 955 decimas
1307 880 1378 957 loci
1401 879 1503 958 illius
1521 880 1593 956 sibi
1610 909 1720 957 usur-

295 1039 398 1112 pare,
422 1010 761 1087 contradicentibus
782 1011 974 1115 preposito
992 1027 1102 1114 atque
1121 1008 1254 1085 abbate
1275 1010 1575 1116 supradictarum
1597 1010 1722 1088 eccle-s

294 1140 450 1230 siarum,
478 1158 608 1246 utpote
629 1141 791 1217 decimas
810 1168 939 1216 eorum
960 1141 1128 1246 proprias
1145 1157 1258 1247 atque
1275 1126 1516 1231 communes,
1543 1143 1606 1247 pio
1627 1169 1719 1219 con·

294 1298 408 1344 censu
420 1270 660 1345 tradiderunt
680 1300 740 1346 eas
757 1269 984 1376 pauperibus
998 1271 1192 1361 omnibus,
1216 1301 1448 1383 quocunque
1467 1289 1641 1379 tempore
1662 1271 1715 1349 ibi

293 1401 550 1490 manentibuS,
568 1401 664 1476 intra
681 1400 882 1489 ambitum,
898 1400 964 1504 qui
986 1429 1028 1477 ex
1042 1417 1146 1505 parte
1162 1400 1312 1481 australi
1333 1400 1485 1506 publica
1500 1419 1615 1478 strata
1631 1429 1717 1483 con-

294 1528 474 1618 cluditur,
502 1531 810 1636 comprehensas,
838 1531 1001 1611 domnus
1029 1530 1203 1606 videlicet
1235 1531 1473 1636 Arnulphus,
1504 1531 1719 1643 prepositus

295 1659 449 1737 ecclesie
476 1679 600 1737 sancte
622 1661 736 1739 Marie
764 1678 801 1736 ct
827 1661 943 1745 sancti
972 1660 1204 1752 Audomari,
1222 1677 1260 1736 et
1282 1661 1446 1738 domnus
1470 1661 1586 1740 abbas
1605 1664 1718 1739 Lam-

294 1789 423 1867 bertus
444 1790 598 1868 ecclesie
619 1791 734 1867 sancti
762 1792 861 1871 Petri
895 1809 931 1868 et
958 1791 1075 1867 sancti
1101 1790 1264 1878 Bertini;
1296 1808 1334 1867 et
1362 1808 1405 1868 ut
1430 1790 1646 1883 ecclesiam,
1680 1808 1719 1867 et

294 1921 489 2026 proprium
502 1922 751 2009 sacerdotem,
764 1939 801 1998 et
816 1921 1045 1997 cimiterium
1059 1921 1264 2012 haberent,
1280 1921 1498 2010 voluerunt,
1513 1922 1716 1998 cumomni

295 2050 467 2131 libertate
493 2070 531 2128 et
556 2054 636 2131 sine
662 2053 852 2129 exactione
882 2081 1214 2160 quorumcumque
1243 2053 1489 2129 reddituum:
1511 2053 1561 2128 ita
1589 2069 1717 2129 tamen

293 2199 336 2257 ut
357 2182 484 2259 nullus
506 2183 662 2260 omnino
688 2182 894 2260 forinsecus
919 2183 966 2288 ad
984 2182 1216 2287 sepulturam
1237 2182 1290 2257 ibi
1315 2183 1548 2288 suscipiatur,
1571 2183 1642 2258 nisi
1663 2181 1718 2263 le-

293 2340 423 2416 prosus
440 2330 477 2388 et
493 2314 546 2389 eis
560 2304 805 2404 famulantes,
827 2329 864 2390 et
879 2313 910 2389 si
924 2312 1021 2389 forte
1039 2314 1244 2419 quispiam,
1264 2313 1421 2393 seculari
1438 2313 1716 2392 conversatione

248 2545 251 2550 .
295 2460 524 2548 contempta,
554 2472 592 2520 se
615 2443 757 2520 eisdem
784 2443 988 2519 sociaverit.
1012 2444 1128 2537 Quod
1148 2444 1179 2521 si
1200 2473 1286 2520 casu
1310 2443 1453 2550 aliquo,
1467 2445 1580 2552 'quod
1601 2443 1715 2532 absit,

295 2571 400 2649 locus
414 2574 458 2680 'in
477 2573 748 2651 desolationem
764 2573 927 2665 venerit,
946 2574 996 2651 ita
1011 2590 1055 2650 ut
1075 2574 1304 2655 cimiterium
1320 2574 1378 2650 vel
1399 2573 1553 2651 ecclesia
1574 2573 1718 2649 ibidem

297 2706 433 2782 merito
449 2706 624 2781 honorari
643 2706 800 2783 minime
826 2705 1019 2796 debeatur,
1046 2705 1199 2782 ecclesia
1221 2706 1336 2782 sancti
1356 2704 1560 2783 Audomari
1584 2703 1718 2783 simul-

296 2861 370 2937 que
390 2835 543 2910 ecclesia
563 2836 678 2910 sancti
693 2836 836 2915 Bertini
859 2836 1022 2912 decimas
1042 2866 1142 2927 suas,
1166 2837 1260 2912 sicut
1289 2836 1495 2944 antiquitus
1515 2820 1718 2912 consueie-

295 2979 404 3054 runt,
429 2962 468 3037 in
499 2991 699 3038 commune
721 2965 914 3068 recipiant.
943 2966 1023 3040 Hoc
1053 2983 1182 3041 autem
1212 2964 1491 3042 collaudatione
1525 2965 1717 3042 communi

294 3091 561 3168 confirmatum
588 3110 660 3181 est,
689 3123 775 3168 cum
799 3093 1018 3169 auctoritate
1051 3094 1183 3170 domni
1215 3095 1412 3185 lobannis,
1439 3113 1529 3171 tunc
1555 3095 1717 3205 episcopi

294 3222 563 3312 Taruanensis,
582 3240 619 3298 et
636 3223 716 3328 ejus
736 3221 859 3332 sigillo
880 3223 1116 3313 roboratum,
1144 3225 1322 3328 quatinus
1346 3224 1641 3328 omnitempore
1661 3225 1721 3300 in-

295 3379 519 3429 concussum
552 3370 786 3459 permaneat3
809 3368 957 3429 extante
979 3353 1149 3429 Romano
1167 3350 1348 3457 pontifice
1368 3351 1511 3428 domno
1531 3353 1718 3445 Paschali,

296 3482 575 3590 archiepiscopo
591 3485 766 3560 Remensi
779 3484 970 3575 -Manasse,
992 3512 1080 3591 rege
1100 3481 1274 3587 Philippo
1293 3496 1472 3587 regnante
1489 3482 1528 3556 in
1545 3482 1717 3569 Francia,

296 3614 434 3692 comite
450 3615 615 3693 Roberto
631 3615 850 3693 dominante
867 3616 906 3692 in
922 3614 1113 3703 Flandria,
1133 3642 1231 3690 anno
1251 3612 1441 3690 dominice
1456 3612 1720 3692 incarnationis

193 3778 205 3791 ··
295 3744 498 3822 millesimo
514 3745 718 3823 centesimo
735 3763 854 3836 serto,
871 3745 1079 3825 indictione
1096 3761 1226 3851 quarta
1242 3743 1405 3835 decima,
1422 3744 1504 3849 ipso
1521 3744 1717 3851 adjuvante

179 3896 182 3901 ·
296 3876 403 3983 cujus
427 3875 516 3953 anni
536 3903 614 3951 non
638 3874 816 3952 deficient
832 3876 871 3951 in
891 3875 1025 3953 secula.
1047 3874 1182 3953 Amen.

488 4056 633 4137 :Signum
654 4057 815 4126 Jonarms,
838 4057 967 4140 episcopi
984 4059 1233 4121 Tuuauneusis.»
1301 4090 1305 4097 -

920 4304 1100 4383 XXVI'I.

303 4508 457 4552 suumn
472 4509 658 4553 retamenta
674 4510 822 4557 aeramen
838 4510 1017 4555 WARRBS'I'UN
1036 4511 1072 4552 Π
1086 4507 1292 4557 Ε’ΜΜΒΙΕ,
1309 4507 1363 4549 m
1377 4504 1547 4557 JOEANNH.
1559 4505 1721 4557 ”mmm

920 4613 1106 4658 uenationum

136 4843 213 4899 „q
361 4831 374 4864 ι
388 4795 430 4872 ln
446 4793 607 4879 nomine,
615 4793 733 4873 Patris
747 4810 787 4870 et
799 4792 883 4870 Filii
899 4809 938 4870 et
948 4792 1112 4898 Spiritus
1124 4790 1405 4870 Sanctidmen.
1423 4791 1503 4900 Ego
1520 4790 1723 4880 lohannes,
