4478 5842
650 478 1043 555 raassncnuoa.
1062 474 1340 550 -sruonrs
1366 476 1459 549 am.
1485 476 1515 548 ι·
1700 448 1787 551 'rso

371 653 458 701 cum
478 624 639 729 quedam
655 619 795 699 famula
808 620 924 698 sancti
940 617 1083 697 Bertini
1098 635 1219 723 rapta,
1237 615 1430 722 ipsiusque
1446 643 1518 720 ope
1534 631 1629 691 esset
1645 634 1787 723 erepta,

370 770 479 831 nocte
507 752 679 859 sequenti
710 752 813 827 idem
837 778 857 826 a
880 746 1165 826 matutinalibus
1190 746 1342 855 hymnis
1368 745 1415 822 ad
1439 760 1595 821 stratum
1620 745 1789 839 rediens,

370 883 511 960 invenit
523 884 681 960 eandem
701 909 821 986 nuper
838 896 1003 984 creptam
1020 877 1091 956 sub
1107 877 1344 954 lectisterniis
1359 876 1398 951 in
1413 875 1512 951 lecto
1528 873 1789 956 decubantem.

369 1009 614 1118 Primumque
640 1011 908 1116 obstupescens
928 1026 967 1085 et
993 1008 1182 1085 admirans
1203 1005 1296 1111 quid
1316 1005 1370 1081 rei
1395 1023 1509 1094 esset,
1534 1020 1614 1079 tum
1637 1004 1792 1082 demum

369 1142 518 1249 plenius
536 1172 617 1220 rem
643 1139 945 1246 deprehendens,
968 1137 1014 1213 ab
1030 1134 1261 1240 obsequente
1276 1133 1417 1210 samulo
1433 1133 1577 1209 lumine
1597 1153 1789 1240 suscepte,

369 1271 512 1379 illoque
537 1287 681 1361 amoto,
699 1271 907 1374 interrogat
925 1265 1163 1376 juvenculam
1185 1264 1277 1370 quid
1298 1263 1426 1354 vellet,
1443 1263 1580 1368 quidve
1602 1284 1789 1369 quereret.

371 1401 641 1490 «Estimabam
662 1398 812 1504 inquid,
834 1396 991 1488 domne,
1008 1423 1119 1472 causa
1133 1393 1337 1499 ereptionis
1354 1420 1456 1482 mee,
1473 1409 1510 1468 te
1530 1392 1676 1469 carnale
1696 1423 1792 1471 com·

371 1531 576 1608 «mortium
606 1529 775 1605 affectare
803 1527 843 1602 in
864 1554 968 1602 me.»
988 1523 1037 1601 At
1055 1523 1121 1601 ille
1143 1552 1151 1596 ε
1174 1526 1284 1600 «Non
1308 1541 1379 1613 est,
1406 1523 1545 1628 inquit,
1567 1524 1662 1602 mihi
1682 1551 1792 1601 nunc

370 1698 382 1726 ι
397 1659 642 1737 commodum
657 1658 747 1734 huic
761 1656 815 1732 rei
836 1683 988 1761 operam
1005 1655 1105 1732 dare.
1121 1691 1153 1721 ι·

424 1790 509 1867 Alio
523 1817 674 1897 quoque
688 1806 879 1893 tempore,
897 1786 1007 1876 dum,
1036 1784 1162 1862 nescio
1183 1813 1258 1891 qua
1281 1784 1551 1862 interveniente
1577 1785 1790 1877 occasione,

370 1919 524 1996 stimulo
549 1919 670 1995 carnis
692 1915 1064 2026 urgeretur,·cunctis
1086 1913 1188 1992 illico
1209 1912 1374 1992 vestibus
1393 1915 1591 2020 depositis,
1613 1914 1790 2006 interula,

366 2048 483 2123 idest
502 2046 745 2135 stammineo,
765 2045 943 2121 duntaxat
960 2042 1274 2134 circumamictus,
1293 2041 1364 2119 sub
1382 2044 1468 2121 divo
1484 2061 1599 2135 stans,
1617 2045 1790 2123 nocturni

370 2176 519 2284 frigoris
544 2176 742 2281 asperitate
769 2174 917 2253 tamdiu
941 2174 1202 2281 torquebatur,
1229 2173 1351 2249 donec
1379 2173 1476 2281 ignis
1504 2174 1666 2251 incestus
1692 2176 1793 2253 intus

370 2308 662 2415 extingueretur.
695 2307 762 2382 His
789 2306 904 2412 igitur
926 2305 1161 2413 aliarumque
1191 2303 1372 2380 virtutum
1400 2304 1625 2381 testimoniis
1658 2333 1791 2410 appro-

369 2436 496 2526 batus,
524 2436 640 2514 abbas
661 2436 925 2541 postmodum,
944 2452 990 2514 ut
1019 2432 1112 2526 dixi,
1139 2433 1311 2521 effectus,
1332 2433 1488 2541 gradum
1516 2435 1676 2540 suscepti
1695 2436 1792 2542 regi-

369 2566 483 2644 minis
496 2586 579 2645 tum
593 2595 748 2644 morum.
766 2566 970 2672 probitate,
986 2580 1071 2642 tum
1095 2593 1221 2642 rerum
1241 2565 1502 2642 communium
1527 2565 1788 2670 dispositione,

368 2709 450 2774 tum
464 2697 701 2774 edificiorum
722 2697 936 2772 dirutorum
957 2694 1238 2771 reedificatione
1249 2695 1456 2771 adornavit.
1475 2697 1567 2772 Nam
1581 2694 1789 2787 basilicam,

370 2827 667 2932 apredecessore
692 2853 761 2908 suo
789 2824 931 2900 domno
953 2823 1088 2901 abbate
1111 2826 1262 2902 Bovone
1288 2824 1488 2931 inceptam,
1516 2825 1595 2931 ipse
1622 2827 1792 2903 maceriis

370 2954 617 3034 exterioribus
636 2954 826 3031 testudine
843 2971 1007 3045 arcuata,
1028 2952 1277 3060 piramidibus
1298 2953 1424 3030 innixa
1439 2953 1621 3046 trabibus,
1642 2956 1793 3062 laquea·

369 3087 474 3164 ribus
501 3102 765 3191 tectorumque
791 3084 1024 3162 culminibus
1053 3082 1262 3161 honorifice
1294 3084 1581 3175 consummavit,
1617 3086 1657 3161 in
1684 3088 1792 3194 cujus

363 3216 497 3315 medio
522 3243 699 3292 coronam
726 3214 841 3290 invise
871 3214 1135 3304 estimationis,
1160 3242 1252 3292 auro
1277 3231 1507 3322 argentoque
1532 3214 1789 3307 fabrefactam,

368 3346 530 3453 desuper
547 3376 568 3424 a
594 3345 832 3452 laqueailbus
852 3344 1060 3450 suspendit.

422 3472 767 3581 Dumque,'adhuc
784 3473 985 3552 virtutibus
1013 3475 1054 3550 in
1075 3473 1156 3550 dies
1171 3501 1421 3561 succrescens,
1443 3502 1595 3550 rumore
1619 3478 1791 3552 omnium

369 3605 527 3682 celebris
543 3604 757 3697 haberetur,
773 3605 873 3712 regis
883 3606 1115 3681 Francorum
1128 3603 1292 3709 Philippi
1307 3603 1419 3710 primi
1431 3604 1661 3694 auctoritate,
1679 3635 1792 3696 ceno?

367 3732 432 3810 bio
453 3734 568 3810 sancti
589 3732 769 3810 Germani
791 3731 1150 3824 Autisiodorensis¹‚
1168 3762 1393 3840 quamquam
1411 3751 1540 3811 contra
1558 3762 1681 3811 sacros
1695 3738 1792 3813 ordi-

368 3891 450 3953 nes,
469 3862 583 3939 abbas
600 3861 853 3938 constituitur.
871 3861 946 3953 Qui
967 3891 1054 3937 cum
1071 3880 1223 3940 strenue
1243 3864 1346 3940 hunc
1365 3864 1550 3969 illumque
1567 3864 1694 3942 locum
1715 3895 1792 3944 non

368 3992 489 4070 multo
508 4008 679 4097 tempore
700 3990 873 4079 rexisset,
899 3991 1066 4066 sentiens
1086 4019 1126 4067 se
1150 3991 1466 4070 administrationi
1495 3993 1691 4099 utriusque
1715 4023 1791 4073 non

368 4121 554 4212 sufficere,
577 4119 765 4226 simulque
781 4117 1003 4195 canonicum
1023 4146 1101 4197 non
1122 4147 1207 4198 esse-
1220 4144 1341 4198 unum
1358 4121 1508 4200 duobus
1527 4124 1695 4202 cenobiis
1708 4154 1794 4233 pre-
1910 4162 1914 4169 ¹

415 4390 424 4421 ¹
447 4389 616 4457 lleribertus
647 4388 796 4451 ordinatus
822 4399 867 4450 est
890 4385 981 4449 abbas
1004 4385 1049 4450 si·
1105 4409 1141 4451 ex
1166 4389 1373 4473 sequentibus.
1395 4411 1457 4473 cap.
1478 4410 1541 4460 xxi,
1564 4412 1594 4473 p.
1619 4392 1790 4474 197‚nuu
1816 4403 1817 4406 ’

308 4507 309 4511 ’
368 4493 488 4552 thiensis
502 4512 580 4553 anno
599 4491 693 4569 1065,
708 4502 743 4554 ut
754 4491 894 4561 reseretur
909 4490 1047 4560 inferias,
1102 4501 1204 4555 tamen
1221 4491 1256 4553 fit
1272 4495 1383 4555 mentio
1401 4492 1479 4555 illius
1497 4495 1529 4554 in
1545 4492 1621 4556 libro
1636 4493 1674 4555 de
1691 4492 1788 4557 Gestis
1862 4544 1868 4555 .

367 4616 429 4677 cap.
444 4616 523 4665 xxrr,
537 4617 565 4678 p.
577 4595 650 4680 Ιι98.
659 4594 799 4669 Quamvis
810 4595 935 4655 abanno
954 4593 1047 4678 1069.
1105 4591 1246 4655 abbatum
1258 4595 1566 4678 Sangermanensium,
1580 4595 1660 4680 apud
1674 4595 1785 4664 Labbe.

368 4715 460 4780 usque
481 4696 518 4757 ed
538 4718 651 4757 annum
676 4717 764 4779 ¹⁰7²·
784 4694 930 4757 abbatiam
950 4695 1048 4758 Sancti
1104 4694 1176 4756 Bitt.
1191 4719 1248 4758 mss.
1261 4708 1330 4758 tom.
1344 4697 1366 4759 l.

366 4796 505 4860 Germani
515 4799 891 4863 Autissiodorensisrexisse
905 4795 1046 4870 videatur,
1155 4858 1169 4875 .,
