4478 5842
316 479 411 550 ‘260'
618 480 622 486 '
682 474 1414 577 CHARTULARIUMSITHIENSEJ
1475 479 1493 507 '³

325 618 419 695 tima
431 624 459 710 ¹,
480 602 721 725 pontificatus
737 588 867 696 *autem
883 618 1013 697 domni
1029 618 1194 697 Pascalis
1207 617 1478 724 secundipape
1497 646 1597 697 anno
1612 619 1753 702 itidem·

327 749 463 855 quinto
477 749 666 826 decimo.»
732 810 735 817 .
852 759 855 763 '
1385 765 1422 787 .-

938 944 1138 1023 XLVIII.

326 1130 479 1172 rannessa
490 1131 649 1201 antuman
664 1132 759 1174 noum
777 1131 891 1173 carran
905 1130 1176 1181 innascentium
1192 1132 1362 1197 nuanscocs
1378 1133 1537 1175 naamam
1550 1137 1585 1176 nr
1595 1137 1747 1181 ansanus

368 1231 555 1282 nosraoaua,
576 1234 611 1292 aa
628 1233 774 1285 ossanna
788 1234 915 1276 suscrarr
935 1233 988 1276 sos
1005 1233 1058 1275 sun
1075 1234 1185 1274 rorata
1201 1202 1269 1282 sum⁴
1290 1235 1360 1277 nau
1378 1234 1455 1286 ouon
1466 1202 1586 1281 'nouus
1604 1240 1634 1281 m
1658 1198 1746 1282 anaa-

368 1336 427 1378 τιν
445 1336 654 1389 sacristanus,
669 1336 727 1380 rusi
743 1336 870 1380 asscros
886 1341 903 1378 a
917 1304 1065 1379 manzara
1083 1317 1220 1380 aosrao'.
1709 1308 1713 1316 ’

101 1507 132 1562 ³2
149 1519 199 1563 aa.
216 1529 295 1585 ηις.
383 1485 594 1593 «Calixtus,
612 1489 825 1597 episcopus,
840 1517 967 1599 servus
978 1517 1170 1599 servorum
1181 1488 1270 1576 Dei,
1282 1489 1420 1599 dilecto
1427 1490 1512 1591 filio
1526 1491 1747 1596 Lamberto‚

281 1681 290 1707 ,
325 1618 525 1696 Sithiensis
541 1617 758 1697 monasterii
779 1617 922 1727 abbati,
944 1618 1099 1727 ejusque
1124 1619 1400 1729 successoribus
1418 1621 1641 1730 regulariter
1658 1600 1750 1702 sub·

323 1749 525 1825 stituendis
549 1749 588 1825 in
612 1765 851 1857 perpetuum.
878 1748 993 1825 Justis
1021 1749 1115 1845 votis
1139 1777 1331 1839 assensum
1355 1748 1531 1859 prebere,
1556 1753 1745 1861 justisque

323 1877 570 1984 petitionibus
593 1907 701 1977 aures
731 1876 1015 1974 accommodare
1042 1907 1113 1973 nos
1139 1881 1330 1988 convenit,
1355 1881 1439 1988 qui,
1467 1880 1557 1986 licet
1579 1882 1741 1993 indigni,

317 2008 467 2115 justicie
484 2008 658 2085 custodes
675 2024 786 2113 atque
798 2035 980 2113 precones
992 2008 1032 2083 in
1050 2008 1191 2085 excelsa
1203 2010 1460 2114 apostolorum
1474 2012 1574 2088 Petri
1590 2029 1627 2090 et
1638 2013 1743 2091 Pauli

322 2140 474 2246 specula
484 2137 616 2244 positi,
633 2137 714 2215 Deo
728 2154 895 2234 auctore,
914 2137 1177 2240 conspicimur.
1196 2138 1378 2228 Proinde,
1396 2139 1532 2218 dilecte
1543 2142 1583 2219 in
1594 2142 1745 2223 Christo

322 2270 377 2348 fili
404 2270 604 2347 Lamberte
629 2267 741 2358 abba,
771 2268 845 2345 tuis
870 2265 1118 2375 petitionibus
1145 2284 1370 2358 annuentes,
1401 2268 1501 2349 beati
1521 2273 1668 2373 Bertini
1686 2275 1745 2353 Si·

322 2402 470 2479 thiense
485 2399 772 2490 monasterinm,
789 2398 894 2505 quod
906 2399 946 2474 in
961 2397 1220 2476 Tarnannensi
1232 2398 1429 2504 parrochia
1444 2399 1559 2477 situm
1575 2419 1649 2495 est,
1665 2404 1743 2505 cui,

321 2533 404 2610 Deo
422 2549 592 2617 auctore,
608 2528 791 2636 presides,
808 2528 878 2607 sub
893 2528 1013 2605 tutela
1029 2545 1067 2605 et
1080 2527 1316 2633 protectione
1331 2528 1430 2607 sedis
1445 2530 1646 2635 apostolice
1662 2560 1743 2611 sus-

322 2663 498 2769 cipimus,
521 2680 558 2740 et
578 2678 706 2738 contra
728 2688 926 2766 pravorum
942 2659 1367 2770 hominumnequitiam
1383 2661 1611 2740 auctoritatis
1630 2660 1743 2770 hujus

321 2795 514 2902 privilegio
542 2792 835 2869 communimus.
871 2791 1079 2869 Statuimns
1100 2791 1203 2866 enim
1221 2790 1392 2868 universa
1417 2792 1465 2868 ad
1484 2790 1589 2868 idem
1613 2820 1744 2869 mona·

319 2923 477 3001 sterium
509 2921 675 3028 legitime
703 2921 930 3026 pertinentia
959 2922 1064 2999 vobis
1087 2922 1292 3029 vestrisque
1318 2922 1592 2999 successoribus
1616 2922 1742 3028 quieta

183 3140 189 3155 ι
320 3081 468 3159 semper
488 3067 525 3129 et
544 3050 688 3127 illibata
708 3050 932 3139 conservari,
957 3049 1131 3125 videlicet
1151 3051 1348 3127 comitatus
1368 3051 1417 3128 de
1437 3050 1614 3127 omnibus
1633 3052 1743 3129 terris
1851 3034 1854 3039 ⁵

319 3213 410 3293 quas
425 3199 574 3259 sanctus
588 3179 763 3257 Bertinus
782 3179 898 3256 habet
919 3179 958 3254 in
979 3179 1184 3256 castellaria
1200 3181 1248 3257 de
1268 3179 1456 3290 Broburg,
1474 3182 1571 3257 sicut
1588 3182 1743 3261 Baldui-

319 3346 391 3395 nus
404 3343 546 3402 comes,
560 3341 629 3418 per
643 3338 799 3386 manum
808 3309 1006 3398 Johannis,
1024 3310 1206 3416 episcopi,
1222 3310 1326 3389 vobis
1337 3310 1534 3400 concessit,
1550 3328 1588 3387 et
1601 3310 1649 3388 de
1660 3340 1742 3391 om-

319 3447 431 3525 nibus
450 3445 560 3523 terris
574 3469 649 3550 que
664 3469 732 3548 per
745 3468 933 3519 secessum
952 3441 1081 3532 maris,
1095 3441 1176 3549 sive
1193 3469 1237 3517 ex
1255 3438 1486 3546 palustribus
1500 3440 1591 3518 locis
1610 3470 1744 3547 prove-

320 3578 447 3665 niunt,
462 3577 501 3651 in
519 3572 696 3651 omnibus
714 3570 891 3649 videlicet
903 3570 1109 3675 parrochiis
1124 3598 1215 3677 quas
1225 3587 1373 3647 sanetus
1384 3570 1558 3647 Bertinns
1570 3570 1685 3650 habet
1700 3574 1742 3653 in

318 3705 486 3811 predicta
505 3701 728 3791 castellaria;
745 3700 837 3778 duas
861 3700 992 3809 garbas
1018 3700 1186 3791 decime,
1208 3718 1246 3777 et
1271 3700 1318 3778 de
1334 3699 1512 3778 omnibus
1533 3700 1742 3808 berquariis

317 3853 429 3942 atque
441 3832 614 3912 vaccariis
624 3831 1036 3920 decimationem,sicut
1046 3830 1266 3921 Balduinus,
1279 3859 1404 3910 comes
1416 3830 1626 3919 Insulanus,
1636 3830 1742 3924 vobis

317 3964 515 4073 concessit,
537 3979 576 4040 et
592 3960 808 4067 omniaque
828 3959 930 4038 idem
950 3988 1019 4039 suo
1036 3961 1173 4068 scripto
1193 3960 1446 4053 confirmavit;
1467 3959 1687 4038 molendina
1701 3963 1741 4040 in

317 4098 411 4175 atrio
432 4093 650 4174 monasterii
674 4092 785 4169 vestri
807 4108 1035 4183 constructa,
1061 4108 1202 4169 terram
1230 4092 1276 4169 de
1298 4089 1461 4170 Culhem
1489 4106 1526 4166 ct
1547 4089 1740 4195 Flecbmel

318 4245 356 4304 et
368 4225 606 4317 Holescolke,
622 4251 714 4330 quas
721 4249 789 4328 per
800 4221 1017 4329 episcopum
1029 4221 1300 4300 derationastis.
1311 4222 1485 4298 Preterea
1500 4219 1740 4313 concordiam

242 4412 244 4415 ·
317 4334 438 4447 illam,
464 4385 538 4462 que
564 4353 658 4431 facta
676 4370 732 4430 est
746 4365 832 4428 ante
845 4351 1058 4456 predictum
1078 4349 1329 4429 venerabilem
1347 4350 1577 4439 Johannem,
1599 4349 1742 4458 episcof

319 4516 428 4594 pum,
450 4486 548 4562 inter
562 4512 628 4561 vos
644 4500 682 4561 et
690 4481 937 4569 Everardum,
954 4480 1149 4574 clericum,
1169 4479 1342 4591 videlicet
1359 4481 1406 4558 de
1422 4480 1529 4559 altari
1546 4481 1593 4558 de
1605 4479 1739 4559 Hsicin

362 4691 369 4721 ¹
395 4688 521 4774 Legend.
538 4699 641 4748 octavo.
1304 4766 1308 4774 μ

360 4795 370 4827 ²
394 4793 515 4877 Vulgat.
531 4791 672 4859 abiisse,
691 4787 772 4872 Opas.
791 4786 896 4870 diplom
913 4799 983 4849 tom.
997 4786 1052 4856 111,
1066 4804 1133 4868 pag.
1150 4786 1199 4852 32.
