4478 5842
547 459 621 533 'liiii
1048 457 1460 532 CHARTULARIUM

545 599 758 709 Gennagois-
772 618 810 676 et
828 598 1032 690 Albereda,
1053 628 1146 677 uxor
1166 599 1264 707 ejus,
1293 629 1378 676 cum
1395 597 1483 677 filiis
1503 600 1581 677 suis
1600 599 1799 680 Willelmo
1820 622 1858 680 et
1877 607 1965 684 Rot-

543 731 669 818 berto,
693 730 881 809 dederunt
896 733 1038 809 Sanctae
1054 730 1228 807 Trinitati
1244 759 1313 836 pro
1328 731 1526 808 animabus
1541 732 1633 820 suis,
1653 752 1844 812 annuente
1864 738 1964 815 Wil‘·

540 861 656 939 lelmo
668 922 676 949 ,
690 891 777 968 rege
798 860 1007 966 Anglorum
1028 877 1066 936 et
1084 859 1181 935 duce
1200 861 1522 948 Normannorum,
1541 878 1578 938 et
1591 880 1779 940 annuente
1794 866 1961 944 Rodulio

540 992 588 1069 de
604 993 784 1078 Conchis,
800 988 908 1096 cujus
924 1006 1002 1066 erat
1014 989 1184 1077 ditionis,
1202 989 1389 1066 Rodulfus
1401 990 1464 1066 del
1477 992 1566 1079 Boc,
1583 993 1649 1098 qui
1664 993 1789 1069 eidem
1807 995 1960 1072 decimae

539 1123 791 1226 calumpniam
823 1120 1017 1227 ingerebat
1041 1138 1080 1196 et
1107 1148 1189 1196 earn
1210 1121 1405 1198 monachis
1430 1121 1642 1215 auferebat,
1666 1125 1749 1201 Deo
1769 1125 1957 1216 donante,

539 1253 698 1329 eandem
723 1251 907 1327 decimam
933 1251 1074 1326 Sancta
1098 1250 1273 1327 Trinitati
1294 1267 1412 1327 totam
1439 1250 1582 1329 dimisit
1607 1269 1644 1328 et
1666 1254 1870 1343 concessit,
1892 1255 1960 1331 hac

536 1383 701 1469 ratione,
722 1398 766 1456 ut
785 1409 909 1487 neque
931 1382 1041 1459 heres
1063 1383 1145 1488 ejus
1164 1408 1289 1487 neque
1310 1379 1445 1486 aliquis
1464 1383 1512 1458 de
1533 1384 1755 1490 cognatione
1775 1385 1856 1493 ejus
1875 1415 1962 1492 pre-

538 1513 644 1589 dictae
670 1512 823 1588 decimae
850 1511 1102 1617 calumpniam
1126 1509 1286 1587 ulterius
1309 1511 1447 1586 inferre
1474 1513 1650 1602 deberet,
1677 1515 1746 1591 sed
1767 1515 1960 1593 monachis

465 1668 468 1675 ·
537 1645 679 1720 Sanctae
699 1642 892 1718 Trinitatis
916 1640 1091 1744 deinceps
1111 1639 1230 1716 libera
1249 1657 1434 1744 perpetuo
1455 1660 1678 1719 remaneret.
1705 1645 1863 1750 Propter
1888 1647 1960 1723 hoc

535 1771 649 1849 abbas
668 1771 874 1850 Walterius
900 1788 938 1848 et
964 1768 1141 1847 monachi
1163 1770 1246 1877 ejus
1269 1770 1460 1846 dederunt
1480 1771 1605 1847 eidem
1626 1772 1792 1850 Rodulso
1812 1801 1891 1850 ann
1912 1776 1959 1852 li-

537 1904 622 1979 bras
642 1903 898 1979 denariorum.
928 1899 1005 1993 Qui
1026 1888 1139 1976 etiam
1160 1926 1282 1974 unum
1303 1898 1491 2004 hospitem
1515 1901 1556 1975 in
1579 1899 1720 2005 prefata
1744 1902 1831 1979 vilia
1852 1904 1958 1981 dedit

539 2035 681 2110 Sanctae
703 2032 894 2117 Trinitati‚
924 2045 961 2107 et
982 2029 1165 2106 decimam
1185 2030 1303 2105 totius
1327 2027 1466 2106 laboris
1491 2030 1549 2106 sui
1573 2046 1611 2107 et
1635 2030 1808 2108 omnium
1833 2034 1959 2110 bomi-

534 2192 626 2239 num
641 2191 815 2276 suorum,
830 2178 868 2238 et
883 2161 1066 2238 decimam
1085 2160 1177 2236 lanae
1194 2174 1439 2254 etcaseorum
1456 2159 1504 2236 de
1518 2157 1650 2238 ovibus
1664 2162 1752 2238 suis.
1769 2160 1858 2239 Acta
1871 2181 1958 2239 sunt

535 2295 613 2369 baec
637 2320 736 2370 anno
765 2291 811 2368 ab
836 2289 1092 2367 incarnatione
1122 2287 1278 2366 Domini
1310 2285 1512 2365 millesimo
1540 2291 1800 2396 nonagesimo·
1811 2293 1953 2395 primo,
2082 2352 2084 2356 Α

534 2440 724 2500 annuente
745 2421 943 2508 Rotberto,
970 2420 1108 2497 comite
1127 2420 1447 2497 Normannorum.

702 2644 827 2726 Signum
845 2645 995 2704 Romanu
1007 2690 1013 2711 ,
1027 2643 1153 2705 comitis.
1178 2641 1195 2733 ι’
1220 2724 1226 2733 .
1306 2641 1443 2703 Ronunrr
1458 2641 1497 2702 de
1511 2641 1644 2703 (cuchis.
1658 2641 1782 2724 Signum
1801 2641 1952 2702 Romanu

743 2747 780 2807 de
792 2745 935 2807 Belmont.
949 2743 1074 2827 Signum
1089 2745 1137 2808 Ro
1172 2732 1188 2829 .-
1302 2744 1369 2804 Bec.
1382 2744 1507 2826 Signum
1523 2742 1955 2813 Wrnuauu1,iiliiGirardi.Si·

743 2869 835 2930 gnum
847 2850 990 2915 Roornn,
1005 2846 1098 2906 frenis
1106 2830 1254 2929 Rnnom.
1267 2842 1393 2926 Signum
1403 2844 1581 2911 Gismnrnrr
1593 2843 1733 2907 Cmsamr.
1745 2843 1869 2926 Signum
1881 2845 1955 2906 Ror-

743 2970 846 3018 nrnrr,
864 2949 917 3009 filii
933 2948 1082 3010 Alvuardi.
1102 2947 1227 3031 Signum
1240 2946 1393 3028 Rornnnrr
1411 2947 1563 3008 Mannrou.
1582 2947 1708 3029 Signum
1720 2949 1857 3009 Ronuurr
1872 2948 1955 3009 Tars-

740 3070 803 3112 son.
830 3050 955 3130 Signum
982 3051 1133 3110 Rornanrr
1157 3047 1299 3121 Hrnuus.
1324 3046 1448 3131 Signum
1471 3050 1596 3108 ernnr
1622 3049 1658 3109 de
1677 3049 1806 3110 Baiocas.
1828 3047 1952 3131 Signum

742 3150 884 3217 Roornu,
900 3149 953 3208 filii
971 3149 1128 3208 Lantberti.
1149 3124 1273 3230 Signum
1288 3147 1403 3211 amar
1422 3148 1459 3209 de
1475 3148 1576 3210 Vileus.
1599 3150 1724 3231 Signum
1739 3151 1896 3212 ermuiu
1917 3150 1953 3211 de

739 3250 813 3311 Calr.
825 3250 950 3331 Signum
958 3248 1118 3310 Wrtmmu
1130 3249 1167 3309 de
1177 3249 1287 3310 Franco
1299 3248 1383 3313 Villa.
1395 3250 1522 3332 Signum
1532 3248 1713 3311 Gisnennnn
1723 3297 1731 3321 ,
1742 3249 1795 3311 {ilii
1805 3249 1950 3313 willelmi.

741 3354 868 3436 Signum
884 3355 1018 3414 Reburri
1031 3354 1068 3414 de
1082 3351 1211 3414 Bloviila.
1228 3350 1354 3431 Signum
1367 3353 1518 3412 Hmnnun
1535 3351 1571 3412 da
1583 3353 1715 3415 Anselmi
1729 3352 1814 3414 Vilia.
1827 3352 1950 3434 Signum

740 3457 863 3517 ernnr
873 3503 880 3526 ,
892 3455 946 3517 filii
960 3454 1098 3518 Gozelini.

1120 3725 1360 3803 LXXXIV.

585 3941 709 4018 Abbas
729 3938 927 4017 Rainerius
954 3956 992 4017 ct
1017 3939 1190 4016 monachi
1221 3937 1301 4046 ejus
1321 3935 1517 4015 Hunfredo
1543 3935 1675 4030 militi,
1698 3935 1792 4013 filio·
1807 3936 1948 4014 Ruedri

530 4070 743 4174 presbiteri,
766 4089 920 4159 terram,
944 4071 991 4146 ad
1013 4098 1127 4146 unam
1148 4069 1306 4147 domum
1322 4067 1630 4154 construendam,
1647 4067 1687 4143 in
1708 4064 1860 4144 castello
1882 4066 1950 4142 Ar·
1972 4144 1973 4148 ,

530 4202 657 4278 chensi
679 4203 918 4279 tradiderunt
940 4233 948 4276 :
971 4229 1013 4277 ea
1034 4199 1302 4285 conventione,
1326 4217 1386 4289 ut,
1402 4216 1497 4304 post
1522 4196 1670 4275 obitum
1692 4198 1791 4306 ejus,
1816 4197 1949 4275 eadem

528 4346 628 4407 terra
646 4362 732 4408 cum
754 4334 869 4410 domo
888 4331 1006 4410 libere
1027 4329 1223 4408 monachis
1238 4329 1384 4420 redeat;
1405 4346 1443 4405 et
1457 4329 1609 4434 insuper
1625 4329 1672 4405 de
1691 4357 1757 4405 sua
1777 4326 1949 4405 substan-

528 4460 578 4535 tia
598 4488 643 4538 m
669 4461 826 4552 solidos,
850 4491 918 4567 pro
942 4461 1073 4573 animae
1095 4489 1169 4537 suae
1196 4459 1386 4547 remedio,
1409 4486 1449 4536 se
1470 4457 1647 4536 daturum
1667 4457 1856 4566 promisit,
1879 4486 1949 4535 uec

529 4618 606 4670 non
625 4591 664 4669 in
685 4590 926 4670 fraternitatis
947 4592 1135 4672 consortio
1153 4620 1234 4669 sese
1251 4589 1482 4696 mancipavit.

653 4794 769 4856 Testes:
788 4794 974 4863 Brauannus,
991 4793 1068 4854 silius
1088 4794 1236 4861 Hermeri;
1255 4794 1447 4858 Arsames.
1464 4813 1569 4859 cocum
1585 4790 1771 4861 Gonnum,
1792 4790 1946 4872 portarius.
