4478 5842
542 478 670 551 PARS
705 476 949 550 Parma-
967 475 1226 566 FOLQUINl
1253 476 1346 549 LIB.
1375 478 1421 546 ΙΙ.
1617 471 1688 547 159

273 637 445 743 decipere
475 638 706 744 cupientem,
738 637 820 713 Deo
851 634 906 710 illi
935 634 1086 741 dignam
1116 661 1185 739 pro
1212 632 1316 709 lactis
1346 632 1689 736 compensationem

273 769 472 860 reddente,
494 769 561 846 tali
579 768 726 875 punivit
738 767 896 845 ultione.
908 768 1106 843 Notaverat
1124 764 1244 841 isdem
1262 764 1484 840 lleribertus
1498 761 1598 838 diem
1615 789 1692 865 quo

273 930 337 978 rex
362 899 572 978 Ludovious
590 916 766 978 venatum
791 900 844 975 ire
871 897 1045 988 deberet,
1073 892 1387 1005 percogitavitque
1415 893 1608 1001 ingenium
1631 906 1691 978 ut,

274 1031 426 1139 quando
442 1033 520 1139 ipse
535 1060 621 1109 cum
636 1060 722 1138 rege
737 1029 929 1107 venatorio
943 1029 1132 1105 insisteret
1145 1027 1262 1119 lusui,
1276 1026 1411 1102 sabulis
1424 1026 1500 1102 suis
1512 1025 1693 1113 illectum,

274 1163 405 1270 procul
428 1191 448 1238 a
473 1162 713 1240 venatoribus
733 1162 947 1269 sejungeret
964 1187 1109 1266 regern,
1131 1157 1490 1265 moxqueligamine
1510 1157 1694 1246 vinctum,

275 1292 506 1370 crudelitatis
528 1310 602 1368 suae
623 1307 811 1368 exerceret
831 1306 966 1366 actum.
989 1291 1069 1366 Hoc
1091 1306 1216 1364 autem
1238 1286 1453 1377 eonsilium,
1480 1287 1562 1362 Deo
1585 1285 1697 1362 mise-

264 1441 397 1513 ·rante,
419 1451 496 1499 non
518 1422 640 1529 potuit
657 1422 792 1512 latere,
815 1420 882 1497 sed
906 1421 984 1527 regi
1005 1420 1219 1496 nuntiatum
1237 1435 1292 1494 est
1315 1419 1362 1495 ab
1383 1446 1461 1494 uno
1480 1421 1615 1494 borum
1631 1415 1696 1521 qui

276 1555 365 1631 huic
393 1554 548 1630 consilio
573 1551 796 1630 videbantur
817 1551 1010 1627 interesse.
1031 1550 1221 1654 Cumque,
1252 1549 1312 1624 die
1335 1565 1494 1637 statuto,
1521 1547 1568 1623 ad
1589 1576 1698 1623 vena-

275 1685 417 1777 tionem
440 1684 615 1774 exissent,
633 1699 776 1787 partem
798 1682 961 1787 aliquam
982 1679 1147 1756 militum
1168 1707 1232 1754 rex
1253 1679 1292 1754 in
1308 1678 1455 1755 occulto
1477 1677 1695 1754 insidiarum

276 1815 404 1920 posuit
419 1814 521 1905 loco,
545 1814 633 1891 dato
651 1813 726 1890 illis
739 1809 965 1919 cognitionis
985 1812 1109 1918 signo,
1127 1810 1232 1916 quod
1247 1810 1462 1897 audientes,
1481 1810 1701 1887 advolarent

277 1947 470 2022 continuo.
489 1945 617 2053 Igitur,
638 1973 724 2021 oum
738 1945 889 2049 utrique
906 1943 1200 2019 sermocinantes
1214 1943 1450 2032 incederent,
1476 1971 1539 2018 rex
1560 1941 1700 2017 scilieet

277 2076 548 2182 insidiatorque
568 2104 673 2163 suus,
695 2073 984 2185 apprehendens
1007 2101 1094 2150 eum
1117 2101 1197 2163 rex,
1226 2073 1331 2180 quasi
1355 2073 1589 2178 amplexandi
1619 2101 1699 2180 gra-

276 2206 345 2294 tia,
368 2205 544 2282 abstraxit
557 2204 749 2282 vinculum
769 2206 858 2283 setis
875 2219 1108 2297 contortum,
1125 2204 1225 2307 selle
1237 2204 1358 2294 illius,
1380 2233 1455 2280 suae
1477 2202 1700 2311 alligationis

279 2365 405 2427 causa,
427 2335 638 2445 alligatum,
661 2364 840 2442 moxque,
861 2336 968 2445 signo
994 2335 1097 2423 dato,
1118 2334 1263 2411 insidiae
1279 2351 1521 2411 surrexerunt
1537 2335 1583 2410 de
1602 2333 1719 2413 loco..

280 2466 515 2572 Captumque
529 2466 772 2543 Heribertum
787 2467 993 2576 interrogat
1007 2495 1088 2556 rex,
1104 2465 1197 2571 quid
1210 2465 1280 2543 sibi
1297 2466 1410 2542 vellet
1424 2464 1573 2541 vinculo
1585 2493 1699 2570 quem

279 2596 380 2674 sellae
400 2597 553 2707 gerebat
579 2595 705 2688 affixo,
740 2623 900 2703 moxque
924 2595 1116 2672 consessus
1145 2612 1201 2671 est
1221 2626 1303 2702 quae
1331 2597 1505 2672 adversus
1536 2596 1700 2672 eundem

280 2728 513 2804 machinatus
536 2745 614 2803 erat
634 2725 747 2805 corde
768 2715 954 2832 perverso.
968 2725 1140 2828 Precepit
1155 2742 1281 2800 autem
1297 2755 1379 2816 rex,
1402 2742 1439 2801 et
1452 2727 1702 2830 comprehen-

282 2859 422 2934 derunt
441 2884 544 2948 eum,
568 2873 605 2932 et
629 2857 668 2932 in
688 2855 820 2933 arbore
835 2855 971 2943 vicina,
992 2853 1062 2929 sub
1079 2854 1204 2930 ascilla
1220 2854 1392 2962 ligatum,
1407 2858 1699 2963 suspenderunt.
1812 2914 1815 2918 -

282 2989 456 3093 Cumque
476 2987 599 3064 adbuc
615 2986 814 3092 palpitaret
839 2985 1011 3092 pendens
1029 2984 1068 3058 in
1085 2985 1235 3077 arbore,
1248 2986 1361 3092 jussit
1387 3016 1449 3062 rex
1464 3018 1541 3094 quo
1561 2989 1703 3095 pende-
1761 3058 1764 3063 .

280 3120 346 3198 bat
362 3117 519 3226 [funem]
534 3118 719 3206 incidere,
738 3134 776 3194 et
789 3117 860 3193 Dei
877 3117 980 3193 hune
994 3115 1169 3220 potestati
1184 3118 1438 3209 committere,
1457 3120 1487 3196 si
1502 3120 1616 3228 hujus
1631 3119 1702 3198 sub

281 3251 355 3327 boe
374 3277 460 3326 casu
478 3247 591 3325 vellet
608 3248 722 3325 vitam
743 3274 897 3326 servare.
919 3248 1001 3324 Deo
1022 3262 1148 3323 autem
1172 3246 1227 3322 illi
1243 3249 1385 3354 justam
1411 3251 1702 3328 retributionem

281 3408 352 3487 pro
368 3378 473 3456 factis
486 3378 689 3470 reddente,
706 3406 793 3455 cum
808 3378 989 3455 dimissus
1002 3377 1135 3454 luisset
1145 3407 1190 3454 ex
1204 3378 1355 3469 arbore,
1372 3381 1517 3485 crepuit
1530 3381 1701 3459 medius:

284 3528 362 3587 erat
390 3508 492 3586 enim
518 3508 773 3589 crassitudinis
792 3509 928 3589 nimiae.
949 3507 1109 3612 Talique
1137 3525 1260 3585 morte
1288 3509 1405 3585 finem
1425 3511 1617 3614 praesentis
1643 3513 1702 3587 ba·

283 3640 369 3717 buit
386 3640 480 3718 vitae.

898 3841 1096 3917 LXXIll.

763 4058 800 4098 M
818 4058 914 4099 MORTE
936 4058 1075 4100 nannutat
1100 4062 1238 4105 annam(

341 4248 548 4327 Balduinus
576 4248 751 4357 [Calvus]
767 4248 924 4342 autem,
957 4280 1082 4331 comes
1110 4270 1149 4335 et
1173 4254 1287 4334 abbas
1316 4258 1532 4343 monasterii
1558 4258 1702 4352 sithiu,
1826 4294 1836 4326 ι

286 4379 471 4459 ambitum
492 4379 632 4460 castelli
649 4380 746 4458 circa
761 4382 1033 4460 monasterium
1049 4385 1166 4462 sancti
1181 4386 1322 4464 Bertini
1344 4391 1568 4483 construxit,
1586 4408 1624 4469 et
1638 4420 1705 4500 per

288 4510 494 4622 ministeria
505 4510 706 4616 disposuit;
717 4528 851 4618 etpost
860 4513 938 4590 baec
952 4513 1013 4622 [ut
1024 4514 1175 4595 brevius
1190 4517 1272 4624 ejus
1287 4518 1380 4596 lacta
1394 4521 1704 4628 perstringantur,

289 4641 374 4750 plus
393 4640 550 4720 abstulit
571 4640 724 4720 ecclesie
746 4672 861 4751 quam
882 4644 1005 4737 dedit3
1024 4664 1062 4723 et
1081 4647 1262 4725 hactenus
1278 4648 1325 4725 de
1343 4648 1509 4760 dampno
1525 4681 1546 4732 a
1564 4682 1603 4731 se
1630 4681 1711 4758 per-

288 4788 433 4876 petrato
452 4772 615 4851 sentient
631 4773 778 4853 monaci
795 4793 989 4880 presentes
1009 4794 1047 4855 et
1066 4777 1196 4856 luturi.
1226 4781 1430 4888 Postquam
1453 4801 1580 4863 autem
1603 4783 1711 4858 annis

1455 4911 1502 4972 18.
