4478 5842
346 492 421 565 ott
685 492 1100 611 CHARTUbARlUM
1131 493 1436 569 smmum·

346 636 508 740 capitulo
523 636 814 725 Morinensium,
832 663 980 713 necnon
996 651 1035 712 et
1045 635 1299 723 Theoderico,
1315 634 1605 715 Flandrensium
1615 637 1763 726 comiti,

346 764 481 842 illustri
492 767 584 858 viro,
597 766 743 853 sibillae,
756 759 957 857 comitisse,
972 783 1010 842 et
1019 764 1225 845 baronibus
1232 793 1304 872 per
1312 765 1529 844 flandriam
1540 767 1762 855 constitutis,

344 897 503 973 salutem
524 915 563 974 et
581 896 823 1003 apostolicam
841 895 1159 973 benedictionem.
1181 893 1385 975 Dilectioni
1398 915 1664 977 vestrenotum
1679 898 1763 975 lieri

343 1028 537 1118 volumus,
564 1029 669 1136 quod
688 1027 899 1105 carissimus
920 1024 1023 1104 lilius
1045 1044 1174 1104 noster
1194 1028 1288 1117 Iso,
1320 1027 1434 1105 abbas
1460 1031 1580 1106 sancti
1601 1029 1763 1120 Barcini,

343 1187 414 1262 pro
433 1160 605 1265 querela,
626 1178 742 1266 quam
768 1157 839 1235 sihi
860 1157 975 1243 abbas
994 1175 1033 1235 et
1053 1157 1320 1237 Cluniacenscs
1338 1160 1513 1237 monachi
1533 1159 1761 1252 inferebant,

343 1290 393 1365 ad
417 1309 583 1369 nostram
611 1291 837 1397 presentiam
863 1307 1039 1367 evocatus·
1062 1290 1226 1366 accessit.
1256 1290 1437 1368 Cetemm
1460 1289 1632 1395 prelatus
1648 1289 1763 1368 abbas

343 1416 545 1498 adventum
565 1451 677 1501 suum
700 1450 819 1526 usque
838 1421 888 1496 ad
906 1419 1108 1496 concilium
1125 1400 1293 1510 oletum,
1319 1438 1533 1506 et‚·statutn
1552 1422 1635 1508 die,
1656 1447 1761 1497 suam

344 1552 453 1628 nobis
467 1552 693 1656 presentiam
705 1579 782 1625 non
798 1549 981 1625 exhibuit.
997 1550 1140 1631 [aarum
1152 1565 1327 1653 tempore
1339 1551 1505 1640 concilii,
1515 1557 1685 1658 -nt'roqno
1697 1552 1763 1629 ab»

341 1681 427 1756 bate
447 1699 636 1786 presente,
658 1678 975 1758 Cluniacensisde
994 1677 1158 1784 querelis
1168 1679 1246 1754 suis
1265 1683 1629 1785 ageresupersediu
1648 1680 1763 1769 abbas

340 1839 428 1887 vero
449 1813 565 1888 sandi
584 1811 742 1899 Bertini,
768 1828 845 1886 tam
869 1811 910 1889 in
928 1809 1095 1915 plenaria
1115 1809 1251 1887 sinodo
1266 1838 1382 1914 quam
1399 1811 1440 1885 in
1458 1829 1591 1888 nostro
1612 1815 1764 1891 Latera·

341 1943 448 2019 nensi
468 1943 623 2049 palatio,
653 1971 690 2018 se
715 1942 763 2017 ad
779 1941 969 2047 justiciam
990 1957 1028 2016 et
1041 1939 1229 2047 juditium
1247 1941 1515 2019 nichilominus
1536 1943 1762 2021 multociens

340 2075 576 2178 presentavit.
600 2074 709 2149 Unde
729 2073 862 2166 etiam,
883 2070 1041 2149 flauum
1061 2086 1278 2148 nostrorum
1299 2072 1563 2176 episcoporum
1585 2091 1624 2149 et
1642 2075 1763 2151 cardi·

340 2204 483 2280 nalium
497 2205 776 2282 communicato
789 2201 965 2289 consilio,
989 2220 1028 2279 et
1040 2202 1239 2310 utriusque
1253 2203 1368 2308 partis
1380 2201 1583 2312 privilegiis
1601 2205 1762 2311 diligen·

339 2356 397 2413 ter
407 2337 595 2444 inspectis,
611 2334 883 2413 monasterium
896 2333 1165 2410 sanctiBertini
1176 2331 1513 2411 aCluniacensinm
1525 2334 1760 2442 subjectione

340 2471 496 2545 omnino
511 2467 755 2557 absolvimus,
776 2484 832 2553 et,
854 2464 949 2541 salva
960 2463 1110 2571 justicia
1131 2463 1295 2569 episcopi
1315 2481 1354 2541 et
1373 2465 1625 2543 Tarnanensis
1641 2465 1760 2543 eccla,
1880 2490 1888 2507 ·

339 2603 410 2690 sie,
428 2600 500 2678 sub
512 2599 631 2678 solius
645 2614 770 2675 sancte
782 2598 949 2673 Romane
964 2595 1116 2672 ecclesie
1133 2593 1279 2672 ditione
1288 2613 1474 2702 perpetuo
1487 2622 1705 2703 permanere
1721 2615 1761 2674 et
1881 2614 1889 2623 '

338 2760 405 2807 sua
417 2730 589 2808 libertate
609 2729 773 2837 gaudem
793 2727 1037 2803 decrevimus.
1059 2726 1144 2818 Que
1160 2752 1247 2801 cnm
1259 2726 1312 2802 ita
1324 2726 1415 2814 sint,
1434 2726 1627 2804 dilectioni
1638 2743 1759 2807 vestre

337 2862 560 2937 mandamus
585 2876 624 2935 et
648 2856 866 2934 mandando
892 2857 1138 2962 precipimus,
1166 2858 1342 2963 quantinus
1356 2855 1555 2964 ,prelatum
1574 2875 1759 2936 monaste

336 2991 495 3066 rium'et
510 2990 691 3066 dilectum
706 2988 830 3064 lilium
850 3005 1021 3065 nostrum
1040 2991 1227 3075 Leonem,
1249 2987 1428 3065 abbatem
1446 2988 1567 3092 ipsius
1588 2989 1677 3078 loci,
1702 2990 1759 3066 di-

281 3210 283 3216 s
332 3121 458 3228 ligatis
474 3120 735 3210 ethonomus,
758 3136 796 3195 et
814 3120 854 3194 in
874 3147 941 3195 sua
952 3120 1102 3225 justicia
1120 3137 1366 3197 manutenere
1386 3121 1533 3197 curetis.

394 3253 560 3330 «Datum
582 3251 754 3328 Laterani
768 3256 831 3330 v1¹⁰
849 3249 919 3327 kal.
938 3251 1038 3329 maii.
1060 3288 1071 3317 ·

1007 3523 1078 3600 IX.

1733 3648 1738 3683 l
1852 3681 1855 3684 Δ

727 3728 763 3768 DE
786 3692 917 3767 secutus
939 3725 1004 3766 mus
1025 3723 1218 3766 enormioris
1241 3725 1355 3767 nouat.
1722 3690 1725 3695 Ι

390 3910 436 3983 Et
459 3937 507 3984 ne
529 3908 706 3985 securitas
725 3922 872 4013 pareret
896 3902 1383 4012 negligentiam,·-deluucto
1402 3933 1497 4011 papa
1518 3906 1755 3992 Innocentio,

237 4090 239 4095 ,
331 4039 497 4116 secundo
518 4041 676 4116 Romam
696 4036 819 4145 petiit,
843 4054 898 4121 et,
927 4064 947 4110 a
968 4032 1159 4113 Celestino
1175 4037 1354 4118 secundo
1374 4033 1612 4144 privilegium
1637 4039 1757 4143 impe-

332 4190 449 4260 trans,
471 4170 693 4277 dignitatem
717 4167 899 4245 libertatis
920 4181 1047 4243 nostre
1069 4167 1258 4244 renovavit
1278 4185 1316 4244 et
1335 4167 1621 4244 reconfirmavit.

936 4441 1061 4515 .Χ.

371 4623 526 4667 exaltem
548 4621 699 4666 naussum
721 4620 808 4675 PAPR,
833 4623 870 4663 DE
893 4620 1053 4664 creturus
1075 4622 1110 4664 BT
1134 4622 1365 4666 malleorumve
1388 4623 1520 4664 monaste
1541 4623 1710 4689 sluutmffl.

829 4708 832 4713 ³
900 4702 904 4709 ,
1000 4714 1003 4719 ¹
1172 4712 1176 4721 .
1309 4695 1315 4705 ,
1428 4700 1436 4709 ,,
1543 4706 1547 4717 .
1588 4698 1635 4727 Η,
1659 4692 1662 4697 ,

105 4827 136 4880 19
145 4828 203 4882 μυ.
218 4816 297 4870 usa
384 4788 642 4878 «Celestinus,
663 4787 879 4892 opiscopus,
896 4788 1339 4878 mmsaewommoet,
1360 4784 1751 4888 dilectog-liliodeoni,
