<?xml version="1.0" encoding="UTF-8"?>
<!DOCTYPE html PUBLIC "-//W3C//DTD XHTML 1.0 Transitional//EN"
    "http://www.w3.org/TR/xhtml1/DTD/xhtml1-transitional.dtd">
<html xmlns="http://www.w3.org/1999/xhtml" xml:lang="en" lang="en">
 <head>
  <title>
</title>
<meta http-equiv="Content-Type" content="text/html;charset=utf-8" />
  <meta name='ocr-system' content='tesseract 3.04.00' />
  <meta name='ocr-capabilities' content='ocr_page ocr_carea ocr_par ocr_line ocrx_word'/>
</head>
<body>
  <div class='ocr_page' id='page_1' title='image "./cartulairedelab00frangoog_0550.png"; bbox 0 0 4388 5850; ppageno 0'>
   <div class='ocr_carea' id='block_1_1' title="bbox 549 490 1699 573">
    <p class='ocr_par' dir='ltr' id='par_1_1' title="bbox 549 490 1699 573">
     <span class='ocr_line' id='line_1_1' title="bbox 549 490 1699 573; baseline -0.005 -1"><span class='ocrx_word' id='word_1_1' title='bbox 549 499 866 573; x_wconf 82' lang='lat' dir='ltr'><strong>MONASTERII</strong></span> <span class='ocrx_word' id='word_1_2' title='bbox 892 495 1101 571; x_wconf 81' lang='lat' dir='ltr'><strong>SANCTAE</strong></span> <span class='ocrx_word' id='word_1_3' title='bbox 1126 492 1424 567; x_wconf 81' lang='lat' dir='ltr'><strong>TRINITATIS.</strong></span> <span class='ocrx_word' id='word_1_4' title='bbox 1627 490 1699 566; x_wconf 74' lang='lat' dir='ltr'><strong>tta</strong></span> 
     </span>
    </p>
   </div>
   <div class='ocr_carea' id='block_1_2' title="bbox 900 762 1081 841">
    <p class='ocr_par' dir='ltr' id='par_1_2' title="bbox 900 762 1081 841">
     <span class='ocr_line' id='line_1_2' title="bbox 900 762 1081 841; baseline -0.006 -2"><span class='ocrx_word' id='word_1_5' title='bbox 900 762 1081 841; x_wconf 88' lang='lat' dir='ltr'><strong>XXXII.</strong></span> 
     </span>
    </p>
   </div>
   <div class='ocr_carea' id='block_1_3' title="bbox 283 929 1708 1871">
    <p class='ocr_par' dir='ltr' id='par_1_3' title="bbox 283 929 1708 1829">
     <span class='ocr_line' id='line_1_3' title="bbox 340 929 1701 1044; baseline -0.003 -27"><span class='ocrx_word' id='word_1_6' title='bbox 340 943 450 1018; x_wconf 80' lang='lat' dir='ltr'><strong>Anno</strong></span> <span class='ocrx_word' id='word_1_7' title='bbox 481 937 527 1016; x_wconf 89' lang='lat' dir='ltr'><strong>ab</strong></span> <span class='ocrx_word' id='word_1_8' title='bbox 552 929 806 1019; x_wconf 81' lang='lat' dir='ltr'><strong>incarnatione</strong></span> <span class='ocrx_word' id='word_1_9' title='bbox 828 938 983 1016; x_wconf 87' lang='lat' dir='ltr'>Domini</span> <span class='ocrx_word' id='word_1_10' title='bbox 1004 962 1108 1029; x_wconf 67' lang='lat' dir='ltr'><strong>unm,</strong></span> <span class='ocrx_word' id='word_1_11' title='bbox 1125 934 1286 1041; x_wconf 42' lang='lat' dir='ltr'><strong>*quidam</strong></span> <span class='ocrx_word' id='word_1_12' title='bbox 1312 936 1367 1012; x_wconf 89' lang='lat' dir='ltr'><strong>vir</strong></span> <span class='ocrx_word' id='word_1_13' title='bbox 1394 935 1548 1013; x_wconf 89' lang='lat' dir='ltr'><strong>nomine</strong></span> <span class='ocrx_word' id='word_1_14' title='bbox 1572 936 1701 1044; x_wconf 83' lang='lat' dir='ltr'><strong>Hug0‚</strong></span> 
     </span>
     <span class='ocr_line' id='line_1_4' title="bbox 284 1066 1706 1180; baseline -0.004 -31"><span class='ocrx_word' id='word_1_15' title='bbox 284 1100 471 1180; x_wconf 89' lang='lat' dir='ltr'><strong>equorum</strong></span> <span class='ocrx_word' id='word_1_16' title='bbox 492 1070 668 1160; x_wconf 88' lang='lat' dir='ltr'><strong>domitor,</strong></span> <span class='ocrx_word' id='word_1_17' title='bbox 693 1071 795 1179; x_wconf 89' lang='lat' dir='ltr'><strong>quod</strong></span> <span class='ocrx_word' id='word_1_18' title='bbox 815 1069 928 1177; x_wconf 90' lang='lat' dir='ltr'><strong>vulg&#39;o</strong></span> <span class='ocrx_word' id='word_1_19' title='bbox 950 1066 1306 1157; x_wconf 85' lang='lat' dir='ltr'><strong>diciturmarescal,</strong></span> <span class='ocrx_word' id='word_1_20' title='bbox 1328 1084 1500 1146; x_wconf 88' lang='lat' dir='ltr'><strong>nostrum</strong></span> <span class='ocrx_word' id='word_1_21' title='bbox 1520 1085 1706 1144; x_wconf 86' lang='lat' dir='ltr'><strong>monaste-</strong></span> 
     </span>
     <span class='ocr_line' id='line_1_5' title="bbox 283 1197 1705 1290; baseline -0.002 -14"><span class='ocrx_word' id='word_1_22' title='bbox 283 1202 383 1279; x_wconf 90' lang='lat' dir='ltr'><strong>rium</strong></span> <span class='ocrx_word' id='word_1_23' title='bbox 408 1202 516 1289; x_wconf 88' lang='lat' dir='ltr'><strong>adiit,</strong></span> <span class='ocrx_word' id='word_1_24' title='bbox 540 1201 672 1278; x_wconf 83' lang='lat' dir='ltr'><strong>devote</strong></span> <span class='ocrx_word' id='word_1_25' title='bbox 693 1201 847 1278; x_wconf 82' lang='lat' dir='ltr'><strong>fratrem</strong></span> <span class='ocrx_word' id='word_1_26' title='bbox 866 1199 1033 1278; x_wconf 83' lang='lat' dir='ltr'>societati</span> <span class='ocrx_word' id='word_1_27' title='bbox 1054 1227 1092 1276; x_wconf 87' lang='lat' dir='ltr'><strong>se</strong></span> <span class='ocrx_word' id='word_1_28' title='bbox 1114 1197 1318 1290; x_wconf 85' lang='lat' dir='ltr'><strong>commisit,</strong></span> <span class='ocrx_word' id='word_1_29' title='bbox 1344 1227 1385 1274; x_wconf 87' lang='lat' dir='ltr'><strong>ac</strong></span> <span class='ocrx_word' id='word_1_30' title='bbox 1406 1198 1559 1283; x_wconf 87' lang='lat' dir='ltr'><strong>dehinc,</strong></span> <span class='ocrx_word' id='word_1_31' title='bbox 1582 1198 1631 1275; x_wconf 92' lang='lat' dir='ltr'><strong>ob</strong></span> <span class='ocrx_word' id='word_1_32' title='bbox 1647 1226 1705 1274; x_wconf 88' lang='lat' dir='ltr'><strong>re-</strong></span> 
     </span>
     <span class='ocr_line' id='line_1_6' title="bbox 285 1325 1706 1453; baseline -0.004 -44"><span class='ocrx_word' id='word_1_33' title='bbox 285 1333 456 1411; x_wconf 87' lang='lat' dir='ltr'><strong>medium</strong></span> <span class='ocrx_word' id='word_1_34' title='bbox 477 1331 534 1407; x_wconf 81' lang='lat' dir='ltr'><strong>sui</strong></span> <span class='ocrx_word' id='word_1_35' title='bbox 554 1359 595 1409; x_wconf 86' lang='lat' dir='ltr'><strong>ac</strong></span> <span class='ocrx_word' id='word_1_36' title='bbox 610 1359 686 1408; x_wconf 77' lang='lat' dir='ltr'><strong>suae</strong></span> <span class='ocrx_word' id='word_1_37' title='bbox 699 1328 889 1453; x_wconf 64' lang='lat' dir='ltr'><strong>cunjungis,</strong></span> <span class='ocrx_word' id='word_1_38' title='bbox 903 1347 987 1408; x_wconf 90' lang='lat' dir='ltr'><strong>tum</strong></span> <span class='ocrx_word' id='word_1_39' title='bbox 1004 1357 1125 1436; x_wconf 86' lang='lat' dir='ltr'><strong>nuper</strong></span> <span class='ocrx_word' id='word_1_40' title='bbox 1144 1327 1349 1418; x_wconf 79' lang='lat' dir='ltr'><strong>deiunctae,</strong></span> <span class='ocrx_word' id='word_1_41' title='bbox 1372 1325 1479 1405; x_wconf 82' lang='lat' dir='ltr'><strong>dedit</strong></span> <span class='ocrx_word' id='word_1_42' title='bbox 1500 1343 1537 1402; x_wconf 84' lang='lat' dir='ltr'><strong>et</strong></span> <span class='ocrx_word' id='word_1_43' title='bbox 1552 1327 1706 1404; x_wconf 82' lang='lat' dir='ltr'><strong>tradidit</strong></span> 
     </span>
     <span class='ocr_line' id='line_1_7' title="bbox 284 1452 1704 1554; baseline -0.004 -16"><span class='ocrx_word' id='word_1_44' title='bbox 284 1462 426 1549; x_wconf 72' lang='lat' dir='ltr'><strong>Sanctae</strong></span> <span class='ocrx_word' id='word_1_45' title='bbox 439 1460 630 1552; x_wconf 88' lang='lat' dir='ltr'><strong>Trinitati,</strong></span> <span class='ocrx_word' id='word_1_46' title='bbox 651 1456 719 1537; x_wconf 84' lang='lat' dir='ltr'><strong>in·</strong></span> <span class='ocrx_word' id='word_1_47' title='bbox 765 1452 781 1553; x_wconf 34' lang='grc' dir='ltr'><strong>’ᾗ</strong></span> <span class='ocrx_word' id='word_1_48' title='bbox 848 1523 858 1554; x_wconf 85' lang='grc'><em>,</em></span> <span class='ocrx_word' id='word_1_49' title='bbox 880 1487 1033 1538; x_wconf 85' lang='lat' dir='ltr'><strong>omnem</strong></span> <span class='ocrx_word' id='word_1_50' title='bbox 1054 1485 1158 1536; x_wconf 89' lang='lat' dir='ltr'><strong>suam</strong></span> <span class='ocrx_word' id='word_1_51' title='bbox 1179 1457 1364 1534; x_wconf 78' lang='lat' dir='ltr'><strong>decimam</strong></span> <span class='ocrx_word' id='word_1_52' title='bbox 1384 1458 1424 1533; x_wconf 90' lang='lat' dir='ltr'><strong>in</strong></span> <span class='ocrx_word' id='word_1_53' title='bbox 1440 1454 1704 1546; x_wconf 60' lang='lat' dir='ltr'><strong>&#39;Fiamenvillm</strong></span> 
     </span>
     <span class='ocr_line' id='line_1_8' title="bbox 284 1564 1708 1703; baseline -0.001 -37"><span class='ocrx_word' id='word_1_54' title='bbox 284 1608 476 1668; x_wconf 85' lang='lat' dir='ltr'><strong>annuente</strong></span> <span class='ocrx_word' id='word_1_55' title='bbox 499 1591 654 1668; x_wconf 89' lang='lat' dir='ltr'><strong>domino</strong></span> <span class='ocrx_word' id='word_1_56' title='bbox 676 1580 764 1680; x_wconf 77' lang='lat' dir='ltr'><strong>su&#39;d‘,</strong></span> <span class='ocrx_word' id='word_1_57' title='bbox 785 1564 929 1670; x_wconf 66' lang='lat' dir='ltr'><strong>&#39;radicet</strong></span> <span class='ocrx_word' id='word_1_58' title='bbox 945 1586 1109 1667; x_wconf 82' lang='lat' dir='ltr'><strong>Rodulfo</strong></span> <span class='ocrx_word' id='word_1_59' title='bbox 1131 1588 1178 1665; x_wconf 90' lang='lat' dir='ltr'><strong>de</strong></span> <span class='ocrx_word' id='word_1_60' title='bbox 1192 1588 1417 1679; x_wconf 88' lang='lat' dir='ltr'><strong>Warethna,</strong></span> <span class='ocrx_word' id='word_1_61' title='bbox 1439 1587 1499 1664; x_wconf 88' lang='lat' dir='ltr'><strong>his</strong></span> <span class='ocrx_word' id='word_1_62' title='bbox 1519 1587 1608 1703; x_wconf 77' lang='lat' dir='ltr'><strong>viris</strong></span> <span class='ocrx_word' id='word_1_63' title='bbox 1622 1617 1708 1695; x_wconf 88' lang='lat' dir='ltr'><strong>pre-</strong></span> 
     </span>
     <span class='ocr_line' id='line_1_9' title="bbox 284 1704 1641 1829; baseline 0.004 -33"><span class='ocrx_word' id='word_1_64' title='bbox 284 1721 454 1798; x_wconf 88' lang='lat' dir='ltr'><strong>sentibus</strong></span> <span class='ocrx_word' id='word_1_65' title='bbox 468 1749 632 1828; x_wconf 87' lang='lat' dir='ltr'><strong>quorum</strong></span> <span class='ocrx_word' id='word_1_66' title='bbox 645 1721 801 1799; x_wconf 90' lang='lat' dir='ltr'><strong>nomina</strong></span> <span class='ocrx_word' id='word_1_67' title='bbox 813 1718 944 1799; x_wconf 89' lang='lat' dir='ltr'><strong>subter</strong></span> <span class='ocrx_word' id='word_1_68' title='bbox 963 1721 1146 1829; x_wconf 87' lang='lat' dir='ltr'><strong>assignata</strong></span> <span class='ocrx_word' id='word_1_69' title='bbox 1163 1736 1260 1796; x_wconf 92' lang='lat' dir='ltr'><strong>sunt.</strong></span> <span class='ocrx_word' id='word_1_70' title='bbox 1556 1704 1641 1819; x_wconf 21' lang='lat' dir='ltr'><strong>&#39;&#39;XI&#39;&#39;</strong></span> 
     </span>
    </p>

    <p class='ocr_par' dir='ltr' id='par_1_4' title="bbox 472 1842 1615 1871">
     <span class='ocr_line' id='line_1_10' title="bbox 472 1842 1615 1871; baseline -0.003 3"><span class='ocrx_word' id='word_1_71' title='bbox 472 1844 475 1851; x_wconf 91' lang='lat'>·</span> <span class='ocrx_word' id='word_1_72' title='bbox 1603 1842 1615 1871; x_wconf 74' lang='lat' dir='ltr'><strong>t</strong></span> 
     </span>
    </p>
   </div>
   <div class='ocr_carea' id='block_1_4' title="bbox 453 1854 1708 2202">
    <p class='ocr_par' dir='ltr' id='par_1_5' title="bbox 453 1854 1708 2202">
     <span class='ocr_line' id='line_1_11' title="bbox 453 1854 1708 1985; baseline 0.001 -21"><span class='ocrx_word' id='word_1_73' title='bbox 453 1904 578 1985; x_wconf 84' lang='lat' dir='ltr'><strong>Signum</strong></span> <span class='ocrx_word' id='word_1_74' title='bbox 598 1903 728 1964; x_wconf 80' lang='lat' dir='ltr'><strong>Rounmr</strong></span> <span class='ocrx_word' id='word_1_75' title='bbox 751 1904 789 1965; x_wconf 84' lang='lat' dir='ltr'><strong>de</strong></span> <span class='ocrx_word' id='word_1_76' title='bbox 807 1902 976 1966; x_wconf 85' lang='lat' dir='ltr'><strong>Warethna.</strong></span> <span class='ocrx_word' id='word_1_77' title='bbox 997 1903 1124 1985; x_wconf 87' lang='lat' dir='ltr'><strong>Signum</strong></span> <span class='ocrx_word' id='word_1_78' title='bbox 1136 1880 1235 1984; x_wconf 40' lang='lat' dir='ltr'><strong>&#39;ipsius</strong></span> <span class='ocrx_word' id='word_1_79' title='bbox 1258 1899 1405 1963; x_wconf 81' lang='lat' dir='ltr'><strong>Hueoms.</strong></span> <span class='ocrx_word' id='word_1_80' title='bbox 1425 1902 1552 1984; x_wconf 84' lang='lat' dir='ltr'><strong>Signum</strong></span> <span class='ocrx_word' id='word_1_81' title='bbox 1571 1854 1708 1981; x_wconf 66' lang='lat' dir='ltr'><strong>fladone</strong></span> 
     </span>
     <span class='ocr_line' id='line_1_12' title="bbox 496 2003 1706 2088; baseline -0.003 -19"><span class='ocrx_word' id='word_1_82' title='bbox 496 2006 534 2069; x_wconf 80' lang='lat' dir='ltr'><strong>de</strong></span> <span class='ocrx_word' id='word_1_83' title='bbox 553 2005 751 2069; x_wconf 77' lang='lat' dir='ltr'><strong>Flamenvilla.</strong></span> <span class='ocrx_word' id='word_1_84' title='bbox 773 2005 898 2088; x_wconf 82' lang='lat' dir='ltr'><strong>Signum</strong></span> <span class='ocrx_word' id='word_1_85' title='bbox 922 2005 1059 2069; x_wconf 73' lang='lat' dir='ltr'><strong>Huaouu</strong></span> <span class='ocrx_word' id='word_1_86' title='bbox 1081 2003 1118 2067; x_wconf 82' lang='lat' dir='ltr'><strong>de</strong></span> <span class='ocrx_word' id='word_1_87' title='bbox 1141 2005 1288 2069; x_wconf 62' lang='lat' dir='ltr'><strong>Limenai</strong></span> <span class='ocrx_word' id='word_1_88' title='bbox 1311 2003 1353 2067; x_wconf 78' lang='lat' dir='ltr'><strong>Er</strong></span> <span class='ocrx_word' id='word_1_89' title='bbox 1377 2016 1474 2068; x_wconf 73' lang='lat' dir='ltr'><strong>nourr</strong></span> <span class='ocrx_word' id='word_1_90' title='bbox 1500 2018 1706 2087; x_wconf 69' lang='lat' dir='ltr'><strong>parte-tettae:</strong></span> 
     </span>
     <span class='ocr_line' id='line_1_13' title="bbox 481 2106 1484 2202; baseline -0.005 -33"><span class='ocrx_word' id='word_1_91' title='bbox 481 2107 712 2177; x_wconf 62' lang='lat' dir='ltr'><strong>,Soraurrrusa</strong></span> <span class='ocrx_word' id='word_1_92' title='bbox 732 2109 902 2180; x_wconf 76' lang='lat' dir='ltr'><strong>chmnus.</strong></span> <span class='ocrx_word' id='word_1_93' title='bbox 918 2106 1062 2180; x_wconf 69' lang='lat' dir='ltr'><strong>sanescalz</strong></span> <span class='ocrx_word' id='word_1_94' title='bbox 1081 2107 1272 2175; x_wconf 71' lang='lat' dir='ltr'><strong>Brittannos,</strong></span> <span class='ocrx_word' id='word_1_95' title='bbox 1293 2127 1387 2169; x_wconf 84' lang='lat' dir='ltr'><strong>cocus.</strong></span> <span class='ocrx_word' id='word_1_96' title='bbox 1480 2197 1484 2202; x_wconf 6' lang='lat' dir='ltr'><strong>g</strong></span> 
     </span>
    </p>
   </div>
   <div class='ocr_carea' id='block_1_5' title="bbox 286 2356 1708 3039">
    <p class='ocr_par' dir='ltr' id='par_1_6' title="bbox 890 2356 1102 2435">
     <span class='ocr_line' id='line_1_14' title="bbox 890 2356 1102 2435; baseline -0.019 0"><span class='ocrx_word' id='word_1_97' title='bbox 890 2356 1102 2435; x_wconf 85' lang='lat' dir='ltr'><strong>XXXIII.</strong></span> 
     </span>
    </p>

    <p class='ocr_par' dir='ltr' id='par_1_7' title="bbox 286 2510 1708 3039">
     <span class='ocr_line' id='line_1_15' title="bbox 343 2510 1705 2625; baseline 0.002 -18"><span class='ocrx_word' id='word_1_98' title='bbox 343 2531 506 2625; x_wconf 88' lang='lat' dir='ltr'><strong>Quidam</strong></span> <span class='ocrx_word' id='word_1_99' title='bbox 521 2531 629 2609; x_wconf 83' lang='lat' dir='ltr'><strong>miles</strong></span> <span class='ocrx_word' id='word_1_100' title='bbox 641 2533 688 2610; x_wconf 89' lang='lat' dir='ltr'><strong>de</strong></span> <span class='ocrx_word' id='word_1_101' title='bbox 701 2533 736 2610; x_wconf 89' lang='lat' dir='ltr'><strong>la</strong></span> <span class='ocrx_word' id='word_1_102' title='bbox 746 2533 900 2624; x_wconf 81' lang='lat' dir='ltr'><strong>Emere,</strong></span> <span class='ocrx_word' id='word_1_103' title='bbox 914 2532 1071 2610; x_wconf 89' lang='lat' dir='ltr'><strong>nomine</strong></span> <span class='ocrx_word' id='word_1_104' title='bbox 1081 2510 1299 2619; x_wconf 68' lang='lat' dir='ltr'><strong>Alteredus</strong></span> <span class='ocrx_word' id='word_1_105' title='bbox 1314 2548 1505 2608; x_wconf 86' lang='lat' dir='ltr'><strong>annuente</strong></span> <span class='ocrx_word' id='word_1_106' title='bbox 1516 2531 1705 2617; x_wconf 71' lang='lat' dir='ltr'><strong>Adhuiza,</strong></span> 
     </span>
     <span class='ocr_line' id='line_1_16' title="bbox 287 2641 1707 2770; baseline -0.001 -31"><span class='ocrx_word' id='word_1_107' title='bbox 287 2690 403 2739; x_wconf 79' lang='lat' dir='ltr'><strong>uxore</strong></span> <span class='ocrx_word' id='word_1_108' title='bbox 423 2689 506 2752; x_wconf 87' lang='lat' dir='ltr'><strong>sua,</strong></span> <span class='ocrx_word' id='word_1_109' title='bbox 528 2641 840 2739; x_wconf 81' lang='lat' dir='ltr'><strong>omnesdecimas</strong></span> <span class='ocrx_word' id='word_1_110' title='bbox 857 2690 950 2770; x_wconf 82' lang='lat' dir='ltr'><strong>quas</strong></span> <span class='ocrx_word' id='word_1_111' title='bbox 968 2663 1009 2739; x_wconf 90' lang='lat' dir='ltr'><strong>in</strong></span> <span class='ocrx_word' id='word_1_112' title='bbox 1023 2660 1224 2740; x_wconf 83' lang='lat' dir='ltr'><strong>Maltevilla</strong></span> <span class='ocrx_word' id='word_1_113' title='bbox 1243 2678 1281 2738; x_wconf 81' lang='lat' dir='ltr'><strong>at</strong></span> <span class='ocrx_word' id='word_1_114' title='bbox 1295 2660 1470 2738; x_wconf 83' lang='lat' dir='ltr'><strong>Amunde</strong></span> <span class='ocrx_word' id='word_1_115' title='bbox 1481 2661 1579 2741; x_wconf 82' lang='lat' dir='ltr'><strong>Villa</strong></span> <span class='ocrx_word' id='word_1_116' title='bbox 1590 2664 1707 2770; x_wconf 86' lang='lat' dir='ltr'><strong>possi—</strong></span> 
     </span>
     <span class='ocr_line' id='line_1_17' title="bbox 289 2790 1708 2902; baseline 0.001 -34"><span class='ocrx_word' id='word_1_117' title='bbox 289 2790 416 2881; x_wconf 82' lang='lat' dir='ltr'><strong>debat,</strong></span> <span class='ocrx_word' id='word_1_118' title='bbox 441 2792 635 2870; x_wconf 84' lang='lat' dir='ltr'><strong>monachis</strong></span> <span class='ocrx_word' id='word_1_119' title='bbox 660 2793 802 2870; x_wconf 68' lang='lat' dir='ltr'><strong>sancus</strong></span> <span class='ocrx_word' id='word_1_120' title='bbox 821 2791 1033 2885; x_wconf 78' lang='lat' dir='ltr'><strong>Trinitatis,</strong></span> <span class='ocrx_word' id='word_1_121' title='bbox 1061 2821 1129 2899; x_wconf 91' lang='lat' dir='ltr'><strong>pro</strong></span> <span class='ocrx_word' id='word_1_122' title='bbox 1154 2817 1220 2871; x_wconf 78' lang='lat' dir='ltr'><strong>tur</strong></span> <span class='ocrx_word' id='word_1_123' title='bbox 1241 2790 1371 2884; x_wconf 79' lang='lat' dir='ltr'><strong>libras,</strong></span> <span class='ocrx_word' id='word_1_124' title='bbox 1394 2793 1435 2902; x_wconf 86' lang='lat' dir='ltr'><strong>in</strong></span> <span class='ocrx_word' id='word_1_125' title='bbox 1459 2793 1708 2872; x_wconf 82' lang='lat' dir='ltr'><strong>hereditatem</strong></span> 
     </span>
     <span class='ocr_line' id='line_1_18' title="bbox 286 2921 1708 3039; baseline 0.002 -43"><span class='ocrx_word' id='word_1_126' title='bbox 286 2937 507 3026; x_wconf 88' lang='lat' dir='ltr'><strong>perpetuam</strong></span> <span class='ocrx_word' id='word_1_127' title='bbox 534 2921 716 3000; x_wconf 80' lang='lat' dir='ltr'><strong>vendidit.</strong></span> <span class='ocrx_word' id='word_1_128' title='bbox 739 2922 864 3015; x_wconf 89' lang='lat' dir='ltr'><strong>Quam</strong></span> <span class='ocrx_word' id='word_1_129' title='bbox 884 2922 1143 3039; x_wconf 75' lang='lat' dir='ltr'><strong>venditionem</strong></span> <span class='ocrx_word' id='word_1_130' title='bbox 1164 2922 1283 3004; x_wconf 88' lang='lat' dir='ltr'><strong>Wido</strong></span> <span class='ocrx_word' id='word_1_131' title='bbox 1306 2950 1433 3002; x_wconf 82' lang='lat' dir='ltr'><strong>comes</strong></span> <span class='ocrx_word' id='word_1_132' title='bbox 1462 2941 1500 3003; x_wconf 86' lang='lat' dir='ltr'><strong>et</strong></span> <span class='ocrx_word' id='word_1_133' title='bbox 1523 2923 1708 3002; x_wconf 76' lang='lat' dir='ltr'><strong>flodulfus</strong></span> 
     </span>
    </p>
   </div>
   <div class='ocr_carea' id='block_1_6' title="bbox 287 3050 1710 3263">
    <p class='ocr_par' dir='ltr' id='par_1_8' title="bbox 287 3050 1710 3263">
     <span class='ocr_line' id='line_1_19' title="bbox 287 3050 1710 3146; baseline 0.003 -20"><span class='ocrx_word' id='word_1_134' title='bbox 287 3051 337 3126; x_wconf 95' lang='lat' dir='ltr'><strong>de</strong></span> <span class='ocrx_word' id='word_1_135' title='bbox 356 3051 582 3143; x_wconf 82' lang='lat' dir='ltr'><strong>Warethna,</strong></span> <span class='ocrx_word' id='word_1_136' title='bbox 606 3081 692 3130; x_wconf 91' lang='lat' dir='ltr'><strong>cum</strong></span> <span class='ocrx_word' id='word_1_137' title='bbox 708 3080 824 3131; x_wconf 81' lang='lat' dir='ltr'><strong>uxore</strong></span> <span class='ocrx_word' id='word_1_138' title='bbox 844 3081 911 3131; x_wconf 72' lang='lat' dir='ltr'><strong>stra</strong></span> <span class='ocrx_word' id='word_1_139' title='bbox 930 3050 1083 3132; x_wconf 81' lang='lat' dir='ltr'><strong>domine</strong></span> <span class='ocrx_word' id='word_1_140' title='bbox 1102 3055 1256 3146; x_wconf 84' lang='lat' dir='ltr'><strong>Emma,</strong></span> <span class='ocrx_word' id='word_1_141' title='bbox 1277 3072 1495 3132; x_wconf 80' lang='lat' dir='ltr'><strong>annuerunt</strong></span> <span class='ocrx_word' id='word_1_142' title='bbox 1515 3071 1554 3131; x_wconf 88' lang='lat' dir='ltr'><strong>et</strong></span> <span class='ocrx_word' id='word_1_143' title='bbox 1574 3054 1710 3132; x_wconf 83' lang='lat' dir='ltr'><strong>confir-</strong></span> 
     </span>
     <span class='ocr_line' id='line_1_20' title="bbox 287 3199 492 3263; baseline 0.015 -9"><span class='ocrx_word' id='word_1_144' title='bbox 287 3199 492 3263; x_wconf 76' lang='lat' dir='ltr'><strong>maverunt</strong></span> 
     </span>
    </p>
   </div>
   <div class='ocr_carea' id='block_1_7' title="bbox 456 3346 1809 3845">
    <p class='ocr_par' dir='ltr' id='par_1_9' title="bbox 456 3346 1809 3845">
     <span class='ocr_line' id='line_1_21' title="bbox 456 3346 1708 3436; baseline 0.001 -27"><span class='ocrx_word' id='word_1_145' title='bbox 456 3347 580 3428; x_wconf 85' lang='lat' dir='ltr'><strong>Signum</strong></span> <span class='ocrx_word' id='word_1_146' title='bbox 602 3349 760 3420; x_wconf 79' lang='lat' dir='ltr'><strong>Wruours,</strong></span> <span class='ocrx_word' id='word_1_147' title='bbox 780 3351 904 3413; x_wconf 72' lang='lat' dir='ltr'><strong>domitis.</strong></span> <span class='ocrx_word' id='word_1_148' title='bbox 924 3350 1050 3436; x_wconf 90' lang='lat' dir='ltr'><strong>Signum</strong></span> <span class='ocrx_word' id='word_1_149' title='bbox 1076 3351 1207 3413; x_wconf 74' lang='lat' dir='ltr'><strong>Bonnam</strong></span> <span class='ocrx_word' id='word_1_150' title='bbox 1223 3350 1261 3413; x_wconf 91' lang='lat' dir='ltr'><strong>de</strong></span> <span class='ocrx_word' id='word_1_151' title='bbox 1278 3346 1434 3412; x_wconf 77' lang='lat' dir='ltr'><strong>warenna.</strong></span> <span class='ocrx_word' id='word_1_152' title='bbox 1454 3347 1578 3431; x_wconf 81' lang='lat' dir='ltr'><strong>Signum</strong></span> <span class='ocrx_word' id='word_1_153' title='bbox 1593 3348 1708 3416; x_wconf 70' lang='lat' dir='ltr'><strong>daun.</strong></span> 
     </span>
     <span class='ocr_line' id='line_1_22' title="bbox 498 3451 1709 3539; baseline 0.001 -28"><span class='ocrx_word' id='word_1_154' title='bbox 498 3452 593 3511; x_wconf 86' lang='lat' dir='ltr'><strong>uxoris</strong></span> <span class='ocrx_word' id='word_1_155' title='bbox 617 3454 690 3536; x_wconf 85' lang='lat' dir='ltr'><strong>ejus.</strong></span> <span class='ocrx_word' id='word_1_156' title='bbox 710 3451 834 3537; x_wconf 82' lang='lat' dir='ltr'><strong>Signum</strong></span> <span class='ocrx_word' id='word_1_157' title='bbox 854 3454 1013 3517; x_wconf 75' lang='lat' dir='ltr'><strong>Anvnannr.</strong></span> <span class='ocrx_word' id='word_1_158' title='bbox 1035 3452 1160 3539; x_wconf 83' lang='lat' dir='ltr'><strong>Signum</strong></span> <span class='ocrx_word' id='word_1_159' title='bbox 1181 3451 1357 3522; x_wconf 78' lang='lat' dir='ltr'><strong>Anuaurzn,</strong></span> <span class='ocrx_word' id='word_1_160' title='bbox 1376 3453 1473 3514; x_wconf 81' lang='lat' dir='ltr'><strong>uxoris</strong></span> <span class='ocrx_word' id='word_1_161' title='bbox 1489 3454 1561 3536; x_wconf 82' lang='lat' dir='ltr'><strong>ejus.</strong></span> <span class='ocrx_word' id='word_1_162' title='bbox 1585 3451 1709 3533; x_wconf 85' lang='lat' dir='ltr'><strong>Signum</strong></span> 
     </span>
     <span class='ocr_line' id='line_1_23' title="bbox 498 3551 1709 3639; baseline 0.001 -25"><span class='ocrx_word' id='word_1_163' title='bbox 498 3551 681 3624; x_wconf 79' lang='lat' dir='ltr'><strong>Gorrraam,</strong></span> <span class='ocrx_word' id='word_1_164' title='bbox 707 3553 802 3616; x_wconf 74' lang='lat' dir='ltr'><strong>fratris</strong></span> <span class='ocrx_word' id='word_1_165' title='bbox 827 3555 971 3617; x_wconf 80' lang='lat' dir='ltr'><strong>Alveredi.</strong></span> <span class='ocrx_word' id='word_1_166' title='bbox 999 3555 1124 3639; x_wconf 78' lang='lat' dir='ltr'><strong>Signum</strong></span> <span class='ocrx_word' id='word_1_167' title='bbox 1149 3555 1284 3615; x_wconf 78' lang='lat' dir='ltr'><strong>Huuours</strong></span> <span class='ocrx_word' id='word_1_168' title='bbox 1306 3554 1343 3616; x_wconf 87' lang='lat' dir='ltr'><strong>de</strong></span> <span class='ocrx_word' id='word_1_169' title='bbox 1362 3553 1560 3616; x_wconf 82' lang='lat' dir='ltr'><strong>Flamenvilla.</strong></span> <span class='ocrx_word' id='word_1_170' title='bbox 1585 3554 1709 3636; x_wconf 89' lang='lat' dir='ltr'><strong>Signum</strong></span> 
     </span>
     <span class='ocr_line' id='line_1_24' title="bbox 499 3656 1809 3743; baseline 0.004 -27"><span class='ocrx_word' id='word_1_171' title='bbox 499 3656 669 3726; x_wconf 79' lang='lat' dir='ltr'><strong>Roranam,</strong></span> <span class='ocrx_word' id='word_1_172' title='bbox 686 3656 741 3722; x_wconf 83' lang='lat' dir='ltr'><strong>filii</strong></span> <span class='ocrx_word' id='word_1_173' title='bbox 761 3660 833 3741; x_wconf 79' lang='lat' dir='ltr'><strong>ejus.</strong></span> <span class='ocrx_word' id='word_1_174' title='bbox 853 3657 894 3718; x_wconf 84' lang='lat' dir='ltr'><strong>Ex</strong></span> <span class='ocrx_word' id='word_1_175' title='bbox 913 3670 1011 3721; x_wconf 83' lang='lat' dir='ltr'><strong>nostra</strong></span> <span class='ocrx_word' id='word_1_176' title='bbox 1034 3669 1115 3743; x_wconf 78' lang='lat' dir='ltr'><strong>parte</strong></span> <span class='ocrx_word' id='word_1_177' title='bbox 1134 3670 1241 3720; x_wconf 77' lang='lat' dir='ltr'><strong>testes:</strong></span> <span class='ocrx_word' id='word_1_178' title='bbox 1261 3657 1439 3728; x_wconf 78' lang='lat' dir='ltr'><strong>Ronuurus,</strong></span> <span class='ocrx_word' id='word_1_179' title='bbox 1462 3656 1542 3718; x_wconf 83' lang='lat' dir='ltr'><strong>filius</strong></span> <span class='ocrx_word' id='word_1_180' title='bbox 1561 3657 1708 3722; x_wconf 70' lang='lat' dir='ltr'><strong>Hermoni:</strong></span> <span class='ocrx_word' id='word_1_181' title='bbox 1806 3675 1809 3678; x_wconf 75' lang='grc'><strong><em>’</em></strong></span> 
     </span>
     <span class='ocr_line' id='line_1_25' title="bbox 496 3756 1528 3845; baseline -0.002 -25"><span class='ocrx_word' id='word_1_182' title='bbox 496 3756 711 3827; x_wconf 68' lang='grc' dir='ltr'><strong>ῦιειηειιτυε,</strong></span> <span class='ocrx_word' id='word_1_183' title='bbox 729 3757 808 3819; x_wconf 82' lang='lat' dir='ltr'><strong>iilius</strong></span> <span class='ocrx_word' id='word_1_184' title='bbox 826 3759 977 3845; x_wconf 84' lang='lat' dir='ltr'><strong>Hugonis;</strong></span> <span class='ocrx_word' id='word_1_185' title='bbox 998 3761 1160 3831; x_wconf 70' lang='lat' dir='ltr'><strong>armanus,</strong></span> <span class='ocrx_word' id='word_1_186' title='bbox 1181 3759 1325 3830; x_wconf 74' lang='lat' dir='ltr'><strong>senascah</strong></span> <span class='ocrx_word' id='word_1_187' title='bbox 1348 3758 1528 3824; x_wconf 77' lang='lat' dir='ltr'><strong>Gourmnus.</strong></span> 
     </span>
    </p>
   </div>
   <div class='ocr_carea' id='block_1_8' title="bbox 1730 3978 1754 4019">
    <p class='ocr_par' dir='ltr' id='par_1_10' title="bbox 1730 3978 1754 4019">
     <span class='ocr_line' id='line_1_26' title="bbox 1730 3978 1754 4019; baseline 0 0"><span class='ocrx_word' id='word_1_188' title='bbox 1730 3978 1754 4019; x_wconf 78' lang='lat' dir='ltr'><strong>t·</strong></span> 
     </span>
    </p>
   </div>
   <div class='ocr_carea' id='block_1_9' title="bbox 721 3943 1088 4085">
    <p class='ocr_par' dir='ltr' id='par_1_11' title="bbox 721 3943 1088 4085">
     <span class='ocr_line' id='line_1_27' title="bbox 721 3943 1088 4085; baseline -0.005 -3"><span class='ocrx_word' id='word_1_189' title='bbox 721 3943 763 3976; x_wconf 60' lang='lat'><em>⁵</em></span> <span class='ocrx_word' id='word_1_190' title='bbox 894 4007 1088 4085; x_wconf 75' lang='lat' dir='ltr'><strong>xxxiv.</strong></span> 
     </span>
    </p>
   </div>
   <div class='ocr_carea' id='block_1_10' title="bbox 289 4181 1710 4557">
    <p class='ocr_par' dir='ltr' id='par_1_12' title="bbox 289 4181 1710 4557">
     <span class='ocr_line' id='line_1_28' title="bbox 345 4181 1706 4290; baseline 0.001 -31"><span class='ocrx_word' id='word_1_191' title='bbox 345 4184 455 4259; x_wconf 84' lang='lat' dir='ltr'><strong>Anno</strong></span> <span class='ocrx_word' id='word_1_192' title='bbox 469 4181 665 4259; x_wconf 87' lang='lat' dir='ltr'><strong>dominicae</strong></span> <span class='ocrx_word' id='word_1_193' title='bbox 686 4182 951 4260; x_wconf 85' lang='lat' dir='ltr'><strong>incarnationis</strong></span> <span class='ocrx_word' id='word_1_194' title='bbox 971 4209 1104 4272; x_wconf 68' lang='lat' dir='ltr'><strong>unxit,</strong></span> <span class='ocrx_word' id='word_1_195' title='bbox 1124 4183 1279 4290; x_wconf 90' lang='lat' dir='ltr'><strong>quidam</strong></span> <span class='ocrx_word' id='word_1_196' title='bbox 1293 4184 1420 4277; x_wconf 87' lang='lat' dir='ltr'><strong>miles,</strong></span> <span class='ocrx_word' id='word_1_197' title='bbox 1443 4185 1596 4262; x_wconf 85' lang='lat' dir='ltr'><strong>nomine</strong></span> <span class='ocrx_word' id='word_1_198' title='bbox 1609 4184 1706 4263; x_wconf 91' lang='lat' dir='ltr'><strong>Wil-</strong></span> 
     </span>
     <span class='ocr_line' id='line_1_29' title="bbox 289 4310 1709 4423; baseline 0.001 -34"><span class='ocrx_word' id='word_1_199' title='bbox 289 4313 444 4401; x_wconf 90' lang='lat' dir='ltr'><strong>lelmus‚</strong></span> <span class='ocrx_word' id='word_1_200' title='bbox 466 4310 570 4422; x_wconf 84' lang='lat' dir='ltr'><strong>filius</strong></span> <span class='ocrx_word' id='word_1_201' title='bbox 589 4311 744 4421; x_wconf 89' lang='lat' dir='ltr'><strong>Ansgeri</strong></span> <span class='ocrx_word' id='word_1_202' title='bbox 766 4314 813 4390; x_wconf 88' lang='lat' dir='ltr'><strong>de</strong></span> <span class='ocrx_word' id='word_1_203' title='bbox 831 4312 999 4406; x_wconf 84' lang='lat' dir='ltr'><strong>Salceid,</strong></span> <span class='ocrx_word' id='word_1_204' title='bbox 1021 4313 1145 4395; x_wconf 82' lang='lat' dir='ltr'><strong>abbati</strong></span> <span class='ocrx_word' id='word_1_205' title='bbox 1169 4315 1342 4402; x_wconf 87' lang='lat' dir='ltr'><strong>Rainerio</strong></span> <span class='ocrx_word' id='word_1_206' title='bbox 1364 4331 1402 4391; x_wconf 91' lang='lat' dir='ltr'><strong>et</strong></span> <span class='ocrx_word' id='word_1_207' title='bbox 1416 4316 1609 4393; x_wconf 88' lang='lat' dir='ltr'><strong>monachis</strong></span> <span class='ocrx_word' id='word_1_208' title='bbox 1629 4316 1709 4423; x_wconf 89' lang='lat' dir='ltr'><strong>ejus</strong></span> 
     </span>
     <span class='ocr_line' id='line_1_30' title="bbox 289 4442 1710 4557; baseline 0.005 -40"><span class='ocrx_word' id='word_1_209' title='bbox 289 4444 417 4550; x_wconf 84' lang='lat' dir='ltr'><strong>viginti</strong></span> <span class='ocrx_word' id='word_1_210' title='bbox 435 4469 539 4519; x_wconf 86' lang='lat' dir='ltr'><strong>aeros</strong></span> <span class='ocrx_word' id='word_1_211' title='bbox 550 4459 658 4521; x_wconf 80' lang='lat' dir='ltr'><strong>terra</strong></span> <span class='ocrx_word' id='word_1_212' title='bbox 679 4442 828 4520; x_wconf 87' lang='lat' dir='ltr'><strong>arabilis</strong></span> <span class='ocrx_word' id='word_1_213' title='bbox 847 4443 888 4519; x_wconf 92' lang='lat' dir='ltr'><strong>in</strong></span> <span class='ocrx_word' id='word_1_214' title='bbox 901 4443 1068 4522; x_wconf 80' lang='lat' dir='ltr'><strong>Amundi</strong></span> <span class='ocrx_word' id='word_1_215' title='bbox 1080 4445 1195 4535; x_wconf 89' lang='lat' dir='ltr'><strong>Villa,</strong></span> <span class='ocrx_word' id='word_1_216' title='bbox 1212 4445 1334 4553; x_wconf 90' lang='lat' dir='ltr'><strong>primo</strong></span> <span class='ocrx_word' id='word_1_217' title='bbox 1350 4474 1419 4552; x_wconf 89' lang='lat' dir='ltr'><strong>pro</strong></span> <span class='ocrx_word' id='word_1_218' title='bbox 1433 4445 1563 4557; x_wconf 85' lang='lat' dir='ltr'><strong>viginti</strong></span> <span class='ocrx_word' id='word_1_219' title='bbox 1579 4445 1710 4524; x_wconf 88' lang='lat' dir='ltr'><strong>solidis</strong></span> 
     </span>
    </p>
   </div>
   <div class='ocr_carea' id='block_1_11' title="bbox 288 4607 1710 4946">
    <p class='ocr_par' dir='ltr' id='par_1_13' title="bbox 288 4607 1710 4946">
     <span class='ocr_line' id='line_1_31' title="bbox 289 4607 1710 4744; baseline 0.004 -32"><span class='ocrx_word' id='word_1_220' title='bbox 289 4652 448 4722; x_wconf 80' lang='lat' dir='ltr'><strong>Warenna.</strong></span> <span class='ocrx_word' id='word_1_221' title='bbox 462 4656 568 4740; x_wconf 77' lang='lat' dir='ltr'><strong>conjux</strong></span> <span class='ocrx_word' id='word_1_222' title='bbox 576 4654 729 4726; x_wconf 82' lang='lat' dir='ltr'><strong>Bealricis,</strong></span> <span class='ocrx_word' id='word_1_223' title='bbox 740 4668 839 4741; x_wconf 80' lang='lat' dir='ltr'><strong>postea</strong></span> <span class='ocrx_word' id='word_1_224' title='bbox 849 4655 970 4727; x_wconf 66' lang='lat' dir='ltr'><strong>Emtae,</strong></span> <span class='ocrx_word' id='word_1_225' title='bbox 1026 4607 1151 4723; x_wconf 73' lang='lat' dir='ltr'><strong>tamum</strong></span> <span class='ocrx_word' id='word_1_226' title='bbox 1163 4657 1391 4743; x_wconf 68' lang='lat' dir='ltr'><strong>sesquatorum</strong></span> <span class='ocrx_word' id='word_1_227' title='bbox 1406 4660 1438 4723; x_wconf 79' lang='lat' dir='ltr'><strong>in</strong></span> <span class='ocrx_word' id='word_1_228' title='bbox 1450 4657 1601 4742; x_wconf 68' lang='lat' dir='ltr'><strong>angliam,</strong></span> <span class='ocrx_word' id='word_1_229' title='bbox 1619 4680 1636 4718; x_wconf 85' lang='lat' dir='ltr'><strong>a</strong></span> <span class='ocrx_word' id='word_1_230' title='bbox 1650 4681 1710 4744; x_wconf 84' lang='lat' dir='ltr'><strong>quo</strong></span> 
     </span>
     <span class='ocr_line' id='line_1_32' title="bbox 288 4756 1709 4845; baseline 0.004 -31"><span class='ocrx_word' id='word_1_231' title='bbox 288 4776 323 4814; x_wconf 85' lang='lat' dir='ltr'><strong>ex</strong></span> <span class='ocrx_word' id='word_1_232' title='bbox 335 4777 393 4839; x_wconf 90' lang='lat' dir='ltr'><strong>qua</strong></span> <span class='ocrx_word' id='word_1_233' title='bbox 408 4756 569 4818; x_wconf 81' lang='lat' dir='ltr'><strong>Rodulsum</strong></span> <span class='ocrx_word' id='word_1_234' title='bbox 584 4756 610 4817; x_wconf 91' lang='lat' dir='ltr'><strong>ll</strong></span> <span class='ocrx_word' id='word_1_235' title='bbox 624 4768 653 4817; x_wconf 82' lang='lat' dir='ltr'><strong>et</strong></span> <span class='ocrx_word' id='word_1_236' title='bbox 670 4756 854 4820; x_wconf 85' lang='lat' dir='ltr'><strong>Willelmum</strong></span> <span class='ocrx_word' id='word_1_237' title='bbox 868 4759 882 4820; x_wconf 94' lang='lat' dir='ltr'>l</span> <span class='ocrx_word' id='word_1_238' title='bbox 897 4759 972 4820; x_wconf 83' lang='lat' dir='ltr'><strong>filios</strong></span> <span class='ocrx_word' id='word_1_239' title='bbox 1029 4763 1137 4844; x_wconf 79' lang='lat' dir='ltr'><strong>recepit</strong></span> <span class='ocrx_word' id='word_1_240' title='bbox 1162 4762 1220 4821; x_wconf 83' lang='lat' dir='ltr'><strong>iere</strong></span> <span class='ocrx_word' id='word_1_241' title='bbox 1249 4774 1372 4823; x_wconf 79' lang='lat' dir='ltr'><strong>tresenta</strong></span> <span class='ocrx_word' id='word_1_242' title='bbox 1400 4762 1547 4829; x_wconf 82' lang='lat' dir='ltr'><strong>maneria.</strong></span> <span class='ocrx_word' id='word_1_243' title='bbox 1574 4772 1709 4845; x_wconf 83' lang='lat' dir='ltr'><strong>postaaa</strong></span> 
     </span>
     <span class='ocr_line' id='line_1_33' title="bbox 290 4857 1594 4946; baseline 0.003 -29"><span class='ocrx_word' id='word_1_244' title='bbox 290 4857 400 4919; x_wconf 85' lang='lat' dir='ltr'><strong>habuit.</strong></span> <span class='ocrx_word' id='word_1_245' title='bbox 412 4859 467 4921; x_wconf 84' lang='lat' dir='ltr'><strong>Hic</strong></span> <span class='ocrx_word' id='word_1_246' title='bbox 477 4859 642 4922; x_wconf 85' lang='lat' dir='ltr'><strong>Wiilelmus</strong></span> <span class='ocrx_word' id='word_1_247' title='bbox 657 4860 669 4920; x_wconf 91' lang='lat'>1</span> <span class='ocrx_word' id='word_1_248' title='bbox 681 4861 833 4946; x_wconf 81' lang='lat' dir='ltr'><strong>comitatus</strong></span> <span class='ocrx_word' id='word_1_249' title='bbox 848 4874 892 4924; x_wconf 86' lang='lat' dir='ltr'><strong>est</strong></span> <span class='ocrx_word' id='word_1_250' title='bbox 903 4861 974 4924; x_wconf 87' lang='lat' dir='ltr'><strong>wil·</strong></span> <span class='ocrx_word' id='word_1_251' title='bbox 1029 4862 1178 4926; x_wconf 83' lang='lat' dir='ltr'><strong>Willelmo</strong></span> <span class='ocrx_word' id='word_1_252' title='bbox 1189 4864 1265 4926; x_wconf 77' lang='lat' dir='ltr'><strong>Ruso</strong></span> <span class='ocrx_word' id='word_1_253' title='bbox 1279 4866 1449 4932; x_wconf 86' lang='lat' dir='ltr'><strong>comitatum</strong></span> <span class='ocrx_word' id='word_1_254' title='bbox 1463 4863 1594 4925; x_wconf 76' lang='lat' dir='ltr'><strong>Surreiae.</strong></span> 
     </span>
    </p>
   </div>
   <div class='ocr_carea' id='block_1_12' title="bbox 0 0 2205 5844">
    <p class='ocr_par' dir='ltr' id='par_1_14' title="bbox 0 0 2205 5844">
     <span class='ocr_line' id='line_1_34' title="bbox 0 0 2205 5844; baseline 0 0"><span class='ocrx_word' id='word_1_255' title='bbox 0 0 2205 5844; x_wconf 95' lang='lat' dir='ltr'><strong> </strong></span> 
     </span>
    </p>
   </div>
  </div>
 </body>
</html>
