4478 5842
331 479 403 551 568
679 478 1084 587 CHARTULARIUM
1112 479 1390 554 SlTHIENSE.

328 650 430 707 mea,
448 620 552 697 bono
566 619 664 724 pacis
686 636 743 696 est
758 621 967 696 terminata.
987 619 1084 698 Cum
1107 621 1261 697 ecclesia
1278 621 1394 697 sancti
1410 621 1551 697 Bertini
1562 621 1743 727 prefatam

327 751 507 859 paludem
519 750 696 829 trecentis
709 748 825 826 ferme
839 750 960 837 annis,
975 749 1034 827 vel
1043 780 1175 856 parum
1187 751 1272 856 plus
1283 752 1494 838 autminus,
1506 752 1742 858 possedisset,

328 902 366 963 et
377 880 735 962 usumfructuarium
749 880 883 957 exinde
897 909 1047 985 semper
1058 879 1267 971 Walterus,
1281 909 1324 957 ex
1339 882 1533 959 occasione
1548 882 1745 959 comitatus

327 1016 441 1121 quem
457 1013 497 1088 in
511 1011 597 1088 villa
618 1012 664 1087 de
680 1009 817 1087 Honlle
838 1009 1019 1103 habebat,
1036 1011 1100 1118 jus
1120 1011 1357 1117 proprietatis
1370 1012 1410 1087 in
1432 1011 1550 1089 fundo
1569 1011 1665 1088 dicte
1680 1040 1745 1128 pa-

328 1145 428 1222 ludis
447 1142 635 1219 vindicare
653 1140 783 1217 voluit.
809 1139 884 1217 Sed
904 1141 1058 1217 tandem
1078 1142 1118 1216 in
1138 1170 1177 1218 se
1198 1169 1383 1232 reversus,
1412 1143 1549 1219 saniori
1568 1141 1741 1233 consilio,
1805 1164 1810 1172 ·

328 1276 368 1350 in
389 1272 577 1382 presentia
593 1298 676 1347 mea
702 1288 739 1346 et
759 1270 959 1346 hominum
983 1299 1174 1360 meorum,
1195 1271 1299 1377 quod
1324 1271 1461 1379 injuste
1482 1271 1626 1376 aliquid
1651 1270 1745 1376 juris

329 1403 424 1482 inibi
444 1402 707 1481 reclamaverat
725 1400 956 1507 recognovit,
978 1417 1072 1478 etse
1092 1402 1241 1506 penitus
1262 1401 1309 1478 ab
1330 1401 1396 1478 illa
1414 1403 1553 1508 injusta
1567 1399 1746 1477 reclama-

328 1537 432 1614 tione
455 1564 541 1611 cum
562 1530 851 1609 exfestucatione
877 1529 1181 1607 abrenunciando
1204 1531 1381 1622 absolvit,
1408 1551 1446 1609 et
1470 1533 1635 1639 idipsrnn
1658 1559 1747 1608 uxo-

330 1694 426 1757 rem,
454 1664 594 1742 liberos
620 1678 659 1736 et
687 1660 817 1735 fratres
846 1659 1111 1736 abrenunciare
1137 1661 1235 1737 fecit.
1261 1661 1358 1752 Quia
1381 1679 1508 1737 tamen
1530 1662 1752 1751 Walterus,
1826 1656 1829 1661 ⁵

329 1823 407 1873 non
424 1823 466 1870 er
486 1791 635 1899 propria
657 1789 943 1879 deliberatione,
962 1791 1028 1866 sed
1044 1818 1302 1895 perversorum
1317 1789 1569 1897 quorumdam
1589 1791 1748 1868 consilio

332 1928 566 2032 depravatus,
590 1925 687 1999 hanc
707 1919 958 2025 calumpniam
974 1920 1181 2025 inceperat,
1200 1919 1312 1997 abbas
1331 1920 1447 1997 sancti
1469 1921 1631 2011 Remini,
1658 1944 1748 1997 con-

330 2055 415 2132 silio
436 2071 475 2130 et
486 2067 662 2159 precepto
677 2076 781 2140 meo,
798 2048 967 2153 predicto
987 2049 1158 2127 Waltero
1182 2051 1412 2157 septuaginta
1436 2048 1549 2125 libras
1569 2050 1692 2140 dedit,
1711 2067 1749 2125 et

330 2186 382 2261 sic
403 2182 448 2259 ab
474 2180 578 2259 omni
596 2179 734 2284 injusta
755 2178 944 2255 vexatione
966 2180 1229 2285 requiescendi
1247 2207 1351 2286 spem
1373 2196 1411 2255 et
1428 2179 1606 2256 fiduciam
1624 2179 1750 2286 acqui·

330 2315 425 2391 sivit.
439 2314 486 2389 Et
496 2328 539 2387 ut
550 2309 733 2416 possessio
746 2308 899 2387 ecclesie
917 2309 1163 2414 inposterum
1181 2309 1299 2386 libera
1318 2327 1356 2386 et
1371 2309 1497 2415 quieta
1515 2328 1747 2415 permaneat,

332 2434 411 2553 ego
422 2442 639 2521 auctoritate
657 2438 768 2547 sigilli
785 2438 859 2516 mei
877 2456 995 2517 totam
1010 2438 1187 2545 paludem
1203 2439 1307 2516 illam
1329 2441 1374 2516 de
1393 2439 1558 2529 Honela,
1574 2468 1692 2545 usque
1708 2441 1748 2516 in

331 2572 593 2661 Wateneleth,
616 2569 772 2648 ecclesie
790 2569 906 2647 sancti
924 2570 1068 2646 Bertini
1089 2569 1369 2676 inperpetuum
1391 2568 1591 2657 confirmo,
1609 2586 1662 2659 et,
1683 2587 1750 2647 tes

331 2703 491 2781 timonio
509 2700 710 2777 hominum
731 2727 904 2777 meorum
924 2699 1111 2807 apposito,
1133 2717 1271 2777 cartam
1291 2701 1385 2776 banc
1405 2716 1522 2776 ratam
1546 2716 1584 2776 et
1601 2700 1748 2813 firmam

333 2863 411 2911 esse
438 2834 611 2910 decerno.
639 2832 799 2907 Testes:
1776 2832 1780 2837 '

491 3014 708 3082 «Gunnannus,
725 3012 882 3074 lnsnlensis
899 3017 1069 3097 prepositus.
1082 3016 1274 3084 Wrnrnnuus,
1289 3016 1463 3077 castellanus
1479 3018 1571 3076 sancti
1582 3016 1750 3077 audomari.

541 3114 742 3176 Grsrrnrarus
761 3135 798 3173 nn
812 3114 896 3175 Asu.
914 3115 1086 3178 Brnnurrus
1105 3138 1143 3177 ns
1161 3117 1366 3180 Havrsrnnra.
1389 3120 1536 3181 Jonanans
1556 3140 1593 3181 nn
1613 3120 1752 3182 Brumae.

541 3217 748 3278 Turonsarcus
761 3236 798 3275 ns
813 3217 964 3279 {tonsore
980 3219 1152 3281 Foncaauus
1166 3232 1195 3281 et
1208 3220 1336 3289 Damae,
1352 3220 1489 3283 monachi
1503 3223 1596 3284 sancti
1611 3222 1729 3282 Bertini.

390 3381 551 3459 «Actum
578 3394 633 3454 cst
649 3379 731 3454 ¹hoc
756 3405 854 3454 anno
878 3379 1033 3456 Domini
1054 3379 1256 3457 millesimo
1287 3381 1492 3458 centesimo
1522 3382 1750 3488 octogesimo

333 3528 451 3604 sexto,
471 3508 570 3616 apud
589 3494 783 3586 Ruhout.»
1259 3510 1262 3514 ’

983 3727 1097 3800 LlIl.

390 3912 605 3990 Penultimo
631 3938 744 4017 quam
764 3910 867 4017 prius
887 3937 985 3988 anno
1004 3912 1135 3989 Simon
1156 3912 1270 3991 abbas
1293 3941 1361 3992 suo
1386 3915 1537 3992 cederet
1557 3914 1749 4021 regimini,

231 4089 234 4101 ι
335 4043 538 4154 requiritur
556 4041 602 4118 ab
620 4039 752 4117 incolis
770 4041 891 4144 predii
913 4038 970 4117 sui
991 4041 1038 4118 de
1059 4043 1218 4133 Atcona,
1239 4045 1343 4151 quod
1369 4046 1417 4122 ad
1433 4072 1588 4151 presens
1601 4073 1754 4120 nuncu·
1866 4030 1873 4037 ’

334 4201 465 4277 pamus
480 4171 718 4279 Atquinium‚
735 4172 839 4278 juxta
859 4170 1055 4247 articulum
1075 4172 1258 4281 privilegii
1280 4174 1474 4280 apostolici
1502 4175 1569 4252 ubi
1589 4174 1752 4252 dicitur:

335 4299 568 4379 «Statuimus
586 4303 702 4378 eciam
723 4317 765 4376 ut
784 4298 880 4376 infra
896 4301 1080 4379 terminos
1099 4304 1381 4408 parrochiarum
1401 4323 1607 4383 vestrarum
1624 4303 1754 4381 nullus

335 4430 527 4507 ecclesiam
553 4430 610 4506 vel
637 4430 859 4520 oratorium,
889 4447 958 4507 etc.
975 4467 988 4501 υ
1008 4450 1191 4540 quatenus
1215 4461 1404 4511 assensum
1433 4436 1538 4514 daret
1561 4434 1753 4514 basilicam

335 4559 577 4637 construendi
597 4560 636 4634 in
661 4561 775 4665 septis
799 4588 864 4638 sue
890 4563 1085 4667 parrochie
1115 4565 1163 4642 de
1191 4565 1333 4642 Atcona
1356 4564 1430 4642 sive
1461 4565 1646 4674 Acquinio
1675 4562 1755 4642 mess

335 4704 488 4768 morato.
