4478 5842
549 490 621 564 aar
809 534 813 543 -
1051 486 1460 581 curmusi-mun

544 649 714 739 gaturus,
736 648 812 706 tres
829 631 981 738 jugeres
1004 647 1111 706 terrae
1131 628 1170 702 in
1194 626 1418 718 S‘othevilia,
1441 655 1509 733 pro
1532 626 1701 703 remedio
1722 629 1853 704 animae
1873 657 1964 718 suae,

546 761 739 839 monachis
763 762 905 838 Sanctae
932 758 1126 835 Trinitatis
1152 758 1436 865 Rotomagensis
1465 758 1504 832 in
1529 755 1695 833 alodium
1722 759 1963 847 condonavit;

544 894 612 968 sed
622 952 629 978 ,
639 892 733 997 ,quia
746 891 786 966 in
803 891 935 966 eadem
949 889 1183 995 navigatione
1199 906 1321 964 morte
1338 904 1549 994 preventus,
1564 887 1638 964 hoc
1653 887 1872 965 confirmare
1887 917 1963 965 non

502 1095 506 1102 ,
543 1024 672 1109 valuit,
699 1020 854 1128 quidam
882 999 962 1127 ejus
984 1006 1115 1111 miles,
1136 1018 1290 1096 nomine
1311 1017 1531 1104 Willelmus
1554 1018 1814 1109 Tronchesoil‚
1839 1019 1961 1126 ipsum

542 1153 772 1230 beneficium
798 1153 879 1259 ejus
902 1153 979 1228 vice
1000 1150 1153 1258 largitus
1175 1167 1231 1227 est
1248 1147 1522 1227 libentissime:
1547 1149 1587 1226 id
1608 1150 1730 1254 ipsum
1746 1146 1961 1236 Willelmo,

544 1312 628 1389 rege
648 1283 873 1389 Anglorum,
898 1297 1100 1358 aunuente.

711 1466 835 1547 Signum
845 1466 1001 1525 Wucrcur
1012 1511 1019 1533 ,
1030 1464 1116 1545 regis.
1129 1461 1254 1545 Signum
1263 1463 1417 1525 Wrccncur
1429 1462 1648 1523 Tncucnrrou.
1660 1461 1785 1544 Signum
1798 1462 1964 1528 Benacum,

753 1565 902 1627 forestarii.
918 1565 1034 1626 Testes:
1049 1566 1214 1631 chsnoum
1229 1562 1403 1625 Osseauus¹
1414 1593 1421 1632 ;
1432 1564 1582 1626 Rocrmus
1600 1562 1723 1626 Porroou.

1175 1785 1325 1882 cxlv.

602 1988 727 2063 Primo
757 2013 855 2061 anno
885 1982 1173 2061 constructionis
1197 1981 1304 2060 castri
1336 1983 1441 2088 quod
1469 1983 1779 2064 Goisleniontana
1812 1985 1960 2076 dicitur,

541 2133 719 2225 regnante
746 2112 945 2193 Willelmo
973 2113 1130 2205 comite,
1158 2111 1369 2190 Bernardus
1397 2112 1637 2204 forestarius,
1665 2144 1752 2192 cum
1782 2116 1863 2192 filio
1896 2145 1963 2194 suo

540 2244 758 2338 Willelmo,
789 2245 946 2324 consilio
982 2243 1107 2323 uxoris
1135 2254 1210 2322 sriae
1238 2241 1468 2338 Genzelinae,
1494 2264 1653 2324 tractum
1692 2246 1823 2322 insulae
1857 2247 1964 2324 dedit

541 2380 683 2456 Sanctae
704 2376 918 2463 Trinitatis,
940 2405 1010 2483 pro
1024 2359 1288 2482 redemptione
1310 2377 1441 2453 animae
1460 2404 1535 2453 suae
1556 2375 1805 2481 omniumque
1828 2406 1962 2482 paren·

539 2525 621 2585 tum
641 2536 809 2584 suorum.

707 2693 834 2774 Signum
849 2692 941 2775 ipsius
963 2692 1126 2774 Bnnussm.
1140 2690 1266 2774 Signum
1280 2690 1456 2759 Wrccnmu,
1469 2689 1523 2751 filii
1545 2695 1618 2776 ejus.
1631 2691 1756 2774 Signum
1766 2691 1961 2759 Gaianorum,

748 2793 845 2855 uxoris
857 2797 930 2878 ejus.
942 2790 1057 2856 Testes:
1069 2790 1260 2859 Gorsium&
1277 2791 1438 2855 Osunnuus
1452 2790 1658 2861 Bnuucosrsm
1673 2788 1869 2863 Bassianus,
1883 2793 1963 2854 filius

617 2923 619 2927 ’
749 2895 853 2965 Odini;
867 2893 1057 2964 Brausuuus,
1073 2916 1174 2965 cocus;
1187 2893 1407 2965 Grsirnrarus,
1418 2893 1497 2956 iilius
1509 2893 1635 2955 Girberti
1646 2921 1653 2961 ;
1666 2897 1824 2956 chasuus.

1188 3119 1312 3217 cxv.

600 3335 739 3411 Notum
755 3331 803 3410 sit
818 3330 996 3410 omnibus
1010 3332 1050 3410 in
1064 3330 1258 3411 Christum
1272 3306 1530 3442 credentibus,
1548 3333 1669 3440 quod,
1686 3326 1856 3440 tempore
1871 3335 1963 3414 Wil-

537 3462 660 3551 lalmi,
690 3462 839 3540 comitis
865 3462 1101 3540 Normanniae
1130 3480 1167 3539 et
1195 3459 1377 3553 Maurilii,
1397 3461 1666 3570 archiepiscopi
1693 3481 1826 3542 sanctae
1845 3466 1960 3543 Roto-

539 3591 724 3699 magensis
741 3577 921 3680 ecclesiae,
942 3591 1144 3670 Restoldus
1165 3609 1203 3670 et
1217 3579 1346 3668 ''l'eozo
1367 3589 1489 3702 largiti
1512 3609 1600 3669 sunt
1620 3594 1763 3670 Sanctae
1783 3594 1959 3672 Trinitati

537 3725 819 3833 Rotomagensi,
834 3723 874 3798 in
886 3739 1106 3830 perpetuam
1122 3720 1389 3809 hereditatem,
1404 3721 1586 3830 quicquid
1599 3721 1712 3801 alodii
1726 3724 1765 3800 in
1777 3723 1960 3803 Grinvilla

537 3853 744 3946 habebant,
758 3856 834 3945 ,hoc
850 3869 906 3933 est
920 3854 1166 3963 quadraginta
1186 3865 1289 3932 acros
1305 3870 1430 3942 terrac,
1453 3853 1676 3960 accipientes
1696 3885 1716 3932 a
1737 3855 1879 3933 domno
1895 3854 1960 3932 ab·

536 3984 621 4061 bate
640 3983 815 4062 Rainerio
834 4001 986 4062 centum
1009 3975 1251 4063 denariorum
1265 3982 1425 4071 solidos,
1448 4001 1485 4062 et
1502 4002 1656 4062 centum
1676 4012 1744 4090 pro
1760 3983 1958 4062 animabus

535 4116 612 4191 suis
626 4116 895 4221 perdonantes,
911 4144 953 4193 ea
968 4114 1110 4192 scilicet
1123 4115 1285 4207 ratione,
1298 4131 1342 4190 ut
1355 4115 1427 4220 ipsi
1444 4134 1482 4192 et
1497 4144 1631 4194 uxores
1646 4142 1777 4194 eorum
1795 4145 1815 4192 a
1828 4143 1961 4222 supra·

535 4246 673 4350 scripto
699 4245 832 4322 abbate
859 4263 897 4322 et
924 4245 971 4323 ab
994 4244 1172 4322 omnibus
1194 4244 1371 4323 iratribus
1393 4246 1434 4321 in
1458 4272 1702 4323 communem
1728 4246 1958 4353 recipientur

535 4376 768 4464 societatem,
791 4376 887 4452 sicut
902 4375 1024 4452 effecti
1039 4393 1137 4451 sunt.

703 4555 829 4638 Signum
841 4556 999 4618 Rrsrocnr.
1017 4558 1141 4640 Signum
1156 4558 1257 4622 Turro.
1267 4559 1365 4621 Testes
1379 4586 1385 4620 :
1398 4559 1576 4625 Eumaeus,
1594 4571 1623 4620 et
1639 4558 1748 4627 Sruor,
1766 4559 1853 4619 irater
1869 4561 1950 4641 ejus;

699 4674 702 4676 ’
745 4659 854 4726 Trrzo,
870 4659 1013 4740 prefectus
1026 4659 1173 4744 Spririliae.

580 4816 588 4846 ¹
611 4817 800 4880 Bruueosted.
