4478 5842
193 483 1616 529 m

607 792 812 909 raas
852 787 1226 968 ruerint

513 1057 1005 1136 CONTINUATORES
1040 1057 1301 1133 SIMONIS.

893 1333 923 1406 1.

662 1536 699 1575 DE
715 1534 873 1574 EVBNTIBUS
891 1533 986 1573 taetus
999 1532 1151 1574 reumata.

249 1703 357 1778 Auno
376 1702 556 1778 incarnati
572 1701 686 1781 Verbi
708 1719 752 1777 ut
771 1706 915 1806 supra2,
941 1701 1016 1779 visa
1036 1717 1093 1776 est
1112 1718 1280 1791 cometa,
1302 1718 1342 1776 et
1366 1699 1616 1777 incontinenti

192 1832 348 1922 Edessa,
370 1831 496 1908 civitas
518 1831 836 1922 Christianorum,
864 1857 939 1936 que
967 1844 1006 1906 at
1032 1831 1179 1906 Rotasia
1204 1829 1355 1921 dicitur,
1386 1846 1492 1934 capta
1516 1847 1616 1906 osta
1722 1832 1728 1842 '

190 1962 357 2069 paganis,
380 1961 474 2037 etin
492 1989 535 2037 ea
554 1960 874 2066 archiepiscopus,
895 1984 981 2036 cum
1000 1957 1101 2035 clero
1117 1987 1199 2049 suo,
1223 1975 1261 2034 et
1277 1957 1433 2065 plurimi
1449 1959 1615 2065 populo-

191 2120 275 2168 rum
295 2092 449 2169 diversis
465 2091 724 2169 occasionibus
744 2090 951 2180 interlecti,
969 2088 1158 2179 martires,
1176 2106 1220 2165 ut
1235 2088 1414 2180 creditur,
1429 2089 1511 2166 Deo
1527 2106 1616 2166 sunt

189 2224 405 2300 consecrati.
428 2223 514 2315 Qua
538 2223 585 2298 de
609 2251 668 2312 re,
699 2239 784 2328 post
811 2220 1027 2310 biennium,
1057 2242 1188 2328 reges,¹
1209 2220 1413 2326 principes,
1445 2218 1611 2312 nobiles,

188 2354 389 2459 ignobiles,
411 2382 519 2431 senes
539 2371 576 2431 et
594 2355 753 2462 juvenes
776 2353 952 2430 adversus
971 2349 1131 2460 gentiles
1154 2351 1410 2461 accinguntur.
1438 2352 1612 2443 Quorum

191 2513 273 2590 pars
292 2486 412 2592 major
427 2485 606 2595 dignitate
628 2502 667 2562 et
683 2511 860 2575 numero,
882 2511 950 2588 per
962 2500 1102 2559 terram
1122 2482 1195 2559 iter
1208 2482 1406 2589 arripiens,
1426 2510 1495 2588 per
1509 2484 1614 2560 Hun-

187 2617 327 2723 gariam
344 2634 382 2693 et
396 2615 783 2722 Constantinopolim,
800 2615 848 2691 ad
866 2612 1090 2692 lerosolime
1110 2630 1209 2690 terre
1225 2612 1510 2691 subventionem
1526 2642 1613 2720 pro-

188 2747 377 2825 ficiscitur.
405 2749 493 2824 Pars
516 2749 609 2824 item
637 2746 769 2837 altera,
799 2745 916 2824 navali
948 2743 1068 2852 prelio
1096 2744 1315 2833 Saracenos,
1345 2745 1411 2850 qui
1437 2773 1639 2853 magnam-

187 2876 292 2952 ltalie
308 2895 452 2981 partem
469 2894 752 2982 occupaverant,
770 2904 931 2983 agressa,
946 2873 1197 2982 Osiliponam,
1216 2872 1503 2952 munitissimam
1514 2877 1612 2983 jam-

188 3004 285 3081 dicte
313 3006 501 3112 provincie
523 3008 729 3097 civitatem,
756 3036 841 3083 cum
868 3034 1003 3114 magno
1028 3006 1157 3085 labore
1183 3022 1221 3082 et
1244 3005 1408 3112 plurima
1433 3007 1610 3114 utrinque

186 3151 324 3241 strage,
341 3135 458 3240 capit,
477 3153 529 3221 et,
548 3134 746 3214 debellatis
761 3137 914 3225 Turcis,
932 3135 1089 3215 liberam
1105 3135 1330 3215 Christianis
1340 3135 1505 3244 reliquit.
1523 3136 1612 3216 lllo·

186 3294 272 3341 rum
292 3267 357 3373 qui
384 3296 453 3372 per
470 3284 608 3343 terram
635 3266 793 3373 profecti
812 3284 901 3344 sunt
927 3268 1042 3345 duces
1069 3267 1238 3373 precipui
1266 3267 1445 3345 luemnt:
1469 3269 1608 3347 Conra-

188 3397 275 3487 dus,
301 3400 558 3476 Romanorum
580 3399 803 3504 imperatum
823 3375 1055 3486 Ludovicus,
1075 3400 1305 3476 Francorum
1324 3426 1406 3491 rex,
1429 3417 1468 3476 et
1483 3429 1611 3479 comes
1641 3446 1646 3456 «

58 3545 59 3548 ’
187 3529 361 3605 Flandrie
389 3530 669 3618 Theodericus3
700 3547 752 3618 et,
781 3530 963 3621 cumeis,
993 3529 1102 3607 multi
1129 3529 1191 3607 alii
1224 3529 1365 3623 clerici,
1394 3533 1548 3608 nomine
1574 3550 1611 3609 et

186 3661 284 3736 sama
304 3661 427 3767 digni,
452 3661 498 3737 de
526 3678 688 3767 utroque
713 3690 829 3767 regno
855 3660 982 3752 electi3
1006 3662 1104 3738 inter
1122 3689 1218 3767 quos
1238 3661 1435 3768 episcopus
1453 3661 1609 3741 Atreba-

185 3792 301 3868 tensis
319 3789 480 3879 Alvisus,
501 3792 615 3898 hujus
635 3791 782 3867 cenobii
802 3791 907 3897 prius
926 3794 1152 3883 monachus,
1173 3810 1211 3868 et
1230 3796 1325 3884 Leo,
1350 3811 1477 3871 noster
1495 3794 1610 3874 abbas

186 3907 300 3998 sancti
323 3922 481 4011 Bertini,
509 3905 710 3999 affuerunt.
733 3922 809 4014 Qui
829 3939 956 4008 tamen
977 3952 1108 4030 parum
1132 3921 1190 3999 vel
1210 3923 1327 4000 nichil
1349 3925 1605 4030 profecerunt,

123 4152 132 4161 ,
185 4054 273 4159 quia
297 4054 420 4145 Deus,
447 4053 512 4159 qui
540 4081 616 4131 non
647 4053 685 4129 in
711 4052 932 4130 fortitudine
958 4055 1045 4161 equi
1064 4053 1296 4132 voluntatem
1318 4055 1448 4148 habet,
1471 4085 1541 4133 nee
1569 4057 1607 4133 in

184 4184 287 4260 tibiis
302 4185 368 4259 viri
391 4184 670 4291 beneplacitum
692 4201 747 4260 est
767 4185 820 4275 ei,
848 4202 891 4260 ut
911 4184 1089 4278 creditur,
1112 4215 1189 4263 non
1216 4203 1295 4262 erat
1314 4216 1398 4264 cum
1421 4188 1497 4276 eis3
1520 4182 1607 4294 quia

186 4315 301 4389 eciam
323 4332 460 4391 terram
483 4304 585 4391 illam
606 4314 811 4407 miraculis,
834 4316 1091 4421 potiusquam
1116 4315 1275 4410 viribus,
1298 4335 1426 4395 contra
1444 4348 1608 4428 paganos

227 4529 235 4561 ¹
259 4531 291 4591 In
308 4553 357 4591 ora
369 4531 439 4592 Cod.
452 4532 560 4615 legitur
573 4562 578 4593 :
593 4535 650 4594 Hic
669 4536 761 4616 incipit
780 4537 866 4594 meti·
919 4539 970 4618 jus
988 4535 1059 4604 loci,
1076 4538 1174 4619 qui,a
1196 4549 1326 4620 tempore
1341 4537 1475 4599 lloderici
1494 4538 1606 4599 abbatis

185 4646 283 4695 arator
296 4634 421 4694 Simonis.
924 4658 1017 4720 usque
1046 4638 1121 4706 huc,
1144 4651 1224 4720 gesta
1253 4639 1391 4701 abbatum
1412 4641 1546 4711 erudito,
1574 4653 1607 4702 ut

227 4737 237 4766 ¹
260 4738 346 4798 Anno
365 4739 458 4805 1145,
479 4738 566 4797 tercio
582 4760 649 4799 vero
669 4751 734 4800 ante
752 4738 865 4799 obitum
922 4752 1053 4821 apparet,
1069 4740 1134 4802 stilo
1149 4741 1312 4825 descripsit,
1329 4744 1460 4830 lamam.
1476 4743 1541 4806 Cod.

185 4841 353 4903 venerabilis
367 4840 507 4907 Simonis,
522 4838 633 4900 abbatis
645 4842 794 4923 quondam
810 4841 864 4900 hu·
1481 4912 1502 4949 1
