4478 5842
536 475 655 551 PARS
682 480 934 555 SECUNDA.
951 482 1226 557 -SIMONIS
1252 484 1346 555 LIB.
1373 486 1420 554 ΙΙ.
1621 484 1694 553 275

882 812 889 827 .
911 748 1062 827 LXIX.

777 931 813 969 ott
834 929 969 972 ucoczsla
991 930 1187 972 ALCHIAOENSL

335 1100 461 1179 Primo
477 1104 590 1211 igitur
600 1106 822 1188 Alciacensis
835 1109 990 1186 ecclesia
1004 1126 1150 1214 pastore
1161 1108 1376 1185 destituitur
1389 1109 1553 1214 propri0,
1564 1137 1697 1214 magne

279 1231 526 1338 simplicitatis
554 1253 590 1312 et
608 1236 824 1317 innocentie
844 1240 941 1331 viro,
960 1240 1113 1331 nomme
1130 1239 1327 1317 Norberto.
1346 1239 1416 1318 Cui
1437 1239 1596 1316 cenobio
1613 1267 1699 1314 cum

280 1378 469 1467 pastorem
484 1366 680 1470 providere
703 1369 839 1445 debeat
852 1369 1051 1447 Sithiensis
1068 1371 1322 1478 congregatio,
1341 1387 1418 1446 tam
1436 1397 1480 1445 ex
1500 1367 1701 1474 apostolica

281 1493 490 1586 sanctione,
509 1525 623 1601 quam
639 1527 682 1572 ex
697 1500 908 1604 priscorum
927 1501 1182 1592 institutione,
1204 1499 1318 1578 abbas
1331 1499 1569 1585 Lambertus,
1586 1528 1625 1576 se
1642 1516 1701 1576 to·
1834 1560 1837 1569 .

279 1641 362 1700 tum
375 1652 515 1732 suaque
532 1626 982 1733 omniafiluniacensibus
998 1630 1216 1737 indulgens,
1239 1659 1281 1707 ex
1293 1631 1347 1707 eis
1363 1630 1584 1736 quemdam,
1596 1629 1702 1707 Odo-

281 1783 369 1831 nem
402 1757 573 1847 nomine,
600 1759 722 1835 virum
752 1759 987 1866 religiosum,
1013 1762 1205 1867 preposuit
1235 1760 1406 1838 cenobio
1431 1761 1562 1853 Quod,
1597 1760 1700 1865 quia,

282 1886 496 1963 inconsulto
517 1886 650 1964 abbate
676 1889 932 1979 Cluniacensi,
958 1888 1185 1978 factumest,
1208 1919 1285 1967 non
1310 1891 1478 1966 cessisset
1493 1889 1527 1965 ei
1543 1889 1582 1964 in
1598 1917 1704 1994 pros·

281 2044 434 2121 perum,
464 2015 536 2091 nisi
563 2046 631 2122 pro
655 2045 700 2094 eo
729 2017 1084 2095 abbatis'Lamberti
1104 2019 1373 2097 intercessisset
1387 2019 1617 2126 suffragium.
1634 2018 1705 2095 Per

283 2176 397 2252 quem
419 2145 591 2224 Cluniaci
610 2177 631 2223 a
651 2148 729 2226 suis
745 2149 785 2226 in
800 2148 956 2255 gratiam
972 2166 1182 2254 susceptus,
1205 2149 1251 2226 ad
1269 2149 1474 2258 regendam
1494 2166 1701 2253 susceptam

284 2277 479 2355 ecclesiam
494 2277 619 2355 rediit.
635 2278 709 2359 Ubi
730 2307 818 2356 mox
831 2308 918 2355 cum
933 2279 1051 2356 multa
1069 2283 1116 2356 sit
1129 2303 1328 2385 perpessus
1348 2280 1499 2357 adversa
1513 2279 1560 2355 ab
1575 2277 1704 2353 adver-

284 2407 388 2484 seriis
399 2435 499 2483 sacre
513 2407 724 2516 religionis,
743 2409 818 2488 illis
832 2389 1081 2516 fugientibus,
1098 2409 1165 2488 viri
1179 2410 1344 2487 timorati
1358 2412 1406 2486 ad
1422 2408 1704 2486 conversionem

284 2556 486 2628 venerunt3
504 2566 573 2643 per
591 2568 687 2644 quos
706 2538 820 2616 abbis
834 2539 936 2617 idem
954 2539 1175 2626 cenobium,
1193 2539 1271 2616 lere
1285 2568 1352 2645 per
1366 2540 1495 2647 viginti
1510 2566 1645 2629 annos,
1667 2554 1706 2613 et

284 2670 495 2771 secundum
522 2666 732 2777 regularem
752 2669 924 2745 normam
945 2688 983 2747 et
1004 2670 1212 2753 secundum
1238 2671 1461 2746 exteriorem
1485 2667 1707 2746 habundan-

284 2799 374 2913 tiam
397 2792 659 2877 honestissime
679 2799 911 2906 gubernavit.

930 3100 1058 3176 LXX.

677 3303 715 3343 D!
736 3301 868 3345 acrama
891 3301 990 3343 SANC'H
1011 3300 1128 3343 vntrtoct
1151 3301 1188 3342 DE
1210 3299 1321 3343 nescis.

345 3481 424 3559 Hoc
444 3510 532 3587 ergo
549 3481 777 3559 monasterio
797 3480 944 3586 pulcre,
961 3480 1068 3585 juxta
1087 3506 1197 3555 suum
1218 3474 1436 3566 modulum,
1453 3476 1493 3550 in
1515 3475 1710 3580 disciplina

288 3611 528 3696 confirmato,
547 3600 670 3688 diviiie
686 3609 840 3688 sationis
854 3608 1038 3714 usquead
1048 3636 1151 3685 mare
1171 3635 1210 3682 se
1229 3605 1397 3683 extendit
1413 3605 1649 3714 propagatio,
1673 3620 1709 3680 et

288 3739 328 3815 in
351 3758 502 3832 monte,
532 3741 597 3847 qui
628 3741 838 3848 antiquitus
865 3738 1059 3818 dicebatur
1084 3767 1195 3817 mons
1220 3737 1328 3828 Baal,
1359 3739 1398 3813 in
1425 3736 1540 3816 sancti
1568 3735 1709 3813 scilicet

288 3870 448 3946 Vinnoci
469 3869 647 3960 cenobio,
673 3871 794 3975 campi
816 3869 962 3945 heremi
981 3871 1286 3977 germinaverunt
1308 3895 1464 3977 germen
1485 3867 1614 3944 odoris
1632 3868 1711 3944 Do·

289 3999 394 4075 mini.
423 3999 508 4092 Que
538 3998 709 4086 ecclesia,
724 4026 728 4033 ·
742 3998 788 4075 de
815 3998 1002 4075 canonicis
1034 3998 1263 4075 secularibus
1288 3998 1328 4072 in
1354 4024 1531 4074 monacos
1561 3995 1711 4102 pridem
1844 4004 1849 4019 '

290 4144 448 4221 mutata,
470 4128 517 4205 ab
535 4129 608 4207 hoc
623 4127 804 4207 Sithiensi
821 4127 1000 4215 cenobio,
1016 4145 1186 4234 tempore
1205 4126 1379 4206 Roderici
1394 4124 1554 4216 abbatis,
1573 4144 1611 4203 et
1627 4155 1710 4205 mo-

289 4259 482 4336 nachicam
494 4259 679 4336 mutuavit
691 4257 926 4367 religionem.
941 4258 1061 4365 Aquo
1073 4274 1245 4363 tempore
1255 4273 1357 4333 tanta
1371 4254 1712 4334 confederabantur

289 4406 422 4467 mutue
448 4388 661 4481 dilectionis
683 4387 935 4466 familiaritate
954 4389 1004 4466 he
1027 4388 1103 4465 due
1120 4386 1292 4477 ecclesie,
1314 4402 1357 4463 ut
1370 4415 1438 4496 par
1458 4402 1573 4475 esset,
1595 4416 1709 4465 unam

190 4528 198 4543 ‘
289 4520 424 4627 corrigi
450 4518 496 4595 ab
523 4519 650 4596 altera.
678 4520 767 4597 Erat
791 4519 917 4624 itaque
944 4545 987 4594 ea
1008 4534 1230 4623 tempestate
1254 4517 1294 4592 in
1317 4516 1463 4622 prelato
1480 4520 1710 4597 monasterio

290 4648 545 4758 lngelbertus,
570 4650 626 4726 vir
646 4649 721 4728 alte
740 4648 948 4727 nobilitatis
966 4649 1177 4726 secundum
1197 4647 1385 4737 seculum,
1407 4647 1539 4740 abbas,
1563 4650 1592 4724 si
1618 4676 1708 4727 sano

291 4779 450 4858 introitu
476 4808 544 4888 per
563 4780 703 4859 ostium
719 4780 898 4858 'intrasset
931 4777 1027 4873 Qui,
1054 4777 1288 4858 abbatisandi
1311 4777 1516 4883 cupiditate
1541 4778 1705 4871 illectus,

1471 4903 1510 4966 35
