4478 5842
322 484 430 535 mxxvr
815 453 971 527 INDEX
999 453 1241 529 CAPITUM.

194 587 197 591 ’
319 600 385 664 Lx.
411 590 736 679 Exempluejusdem
752 592 909 680 privilegii
919 643 1550 663 ............................
1570 601 1640 685 Psg.
1693 621 1736 685 77

320 708 399 775 LXI.
424 706 471 771 Do
486 704 683 783 (lantberto.
702 704 860 768 monacho
864 754 1636 775 ..................................
1693 715 1735 793 76

320 919 466 998 Incipiunt
481 914 606 1005 capitpla
619 914 686 979 libri
695 914 830 985 secundi.
846 915 898 999 qui
911 914 1103 987 sxoendilura
1118 922 1193 975 ruffi·
1206 915 1309 977 abbate
1322 937 1416 1000 usque
1429 918 1466 981 od
1482 928 1615 987 xxvrum.
1627 921 1734 989 wssios

360 1043 375 1076 a
399 1031 529 1100 temporo
549 1017 682 1097 Hugonis
704 1015 831 1084 abbatis,
851 1014 906 1075 filii
923 1015 1021 1075 Karoli
1041 1016 1117 1096 regis
1134 1016 1246 1097 MsgnI‚
1266 1018 1345 1100 quod
1365 1017 1420 1077 fuir
1436 1040 1513 1079 anno
1530 1013 1736 1091 incarnationis

361 1120 478 1181 Domini
497 1138 684 1186 nocemur,
709 1139 801 1200 usque
823 1117 860 1176 sd
877 1116 952 1176 iilud
968 1129 1082 1199 tempus
1101 1138 1161 1203 quo
1181 1119 1398 1185 Hildebrsndus
1419 1121 1507 1183 abbas
1531 1121 1612 1189 hunc
1636 1124 1734 1193 Ioorsm

359 1222 486 1283 secundo
501 1221 628 1302 suscepit
640 1219 817 1302 regendum,
834 1219 914 1303 quod
935 1220 988 1279 Iuit
1005 1241 1081 1279 sono
1093 1218 1239 1281 dominice
1257 1224 1413 1284 nativitatis
1428 1244 1580 1286 oceocur.
1598 1225 1734 1288 Continet

359 1347 425 1403 ergo
440 1323 487 1384 hic
501 1323 576 1384 Iiber
591 1344 681 1382 annos
695 1341 803 1383 cxrvrr.

317 1508 338 1569 I.
365 1507 410 1568 De
429 1505 561 1588 Hugone
576 1502 705 1573 abbate.
724 1512 757 1564 et
772 1498 938 1586 privilegio
960 1499 1128 1565 HIudovici
1143 1501 1223 1587 regis
1233 1551 1543 1571 ..............
1567 1507 1640 1589 Pag.
1689 1505 1731 1570 δι

315 1617 352 1680 II.
376 1613 584 1699 Pririlegium
597 1611 846 1696 Ludovieioegis
855 1657 1235 1677 .................
1245 1668 1247 1673 .
1253 1661 1632 1682 .................
1655 1615 1732 1681 Ιὸίᾰ.

313 1727 366 1790 III.
391 1727 438 1788 De
454 1722 619 1812 privilegio
635 1722 736 1786 sancti
752 1720 922 1809 Folquini‚
939 1721 1079 1808 episcopi
1088 1771 1631 1791 ........................
1687 1727 1730 1796 84

314 1838 364 1903 IV.
391 1835 560 1924 Exemplar
574 1834 717 1922 ejusdem
722 1881 1632 1904 ........................................
1687 1837 1731 1902 85

316 1951 350 2013 V.
376 1951 424 2012 De
440 1945 604 2033 privilegio
622 1943 763 2029 Hugonis
785 1942 921 2006 abbatis.
942 1944 1112 2029 Exemplar
1115 1992 1630 2013 .......................
1687 1948 1730 2028 87

314 2060 364 2123 VI.
390 2060 436 2121 De
448 2067 552 2121 morte
564 2054 732 2121 Illudovici
743 2054 839 2140 regis,
853 2064 887 2119 et
896 2053 1051 2119 divisIone
1068 2055 1158 2140 regni
1173 2054 1258 2121 inter
1273 2056 1356 2122 filios
1370 2056 1440 2143 ejus
1442 2104 1631 2124 .........
1686 2059 1732 2141 89

314 2171 377 2236 VII.
404 2171 451 2232 Do
464 2166 669 2233 translatione
686 2166 789 2230 sancti
802 2165 976 2230 Audomari
979 2213 1634 2234 .............................
1653 2169 1729 2234 IIII.

312 2281 390 2345 VIII.
416 2278 585 2360 Quomodo
602 2276 699 2341 abbas
716 2278 806 2361 Hugo
823 2298 897 2341 eum
912 2274 1035 2343 furatus
1052 2285 1099 2341 est
1108 2325 1629 2351 .......................
1686 2300 1730 2361 90

311 2393 363 2455 IX.
388 2393 435 2455 De
448 2389 605 2456 AdaIardo
617 2389 749 2459 abbate.
762 2398 795 2453 et
810 2387 1017 2452 translatione
1031 2387 1131 2452 sancti
1143 2389 1243 2473 patris
1257 2388 1380 2453 Bertini
1389 2437 1629 2454 ...........
1685 2410 1730 2474 92

311 2505 348 2566 X.
373 2503 422 2567 De
441 2501 593 2591 prestaria
614 2499 764 2565 Adolardi
786 2499 925 2571 abhafis,
946 2498 1101 2584 Odgrimo
1122 2497 1273 2564 advocato
1275 2547 1627 2566 ................
1684 2503 1728 2586 93

311 2615 361 2677 XI.
387 2613 557 2700 Exemplar
568 2612 713 2699 ejusdem
716 2657 1374 2676 .............................
1377 2669 1380 2672 ⁴
1390 2657 1630 2675 ..........
1650 2611 1728 2677 loia.

311 2727 376 2790 XII.
401 2729 448 2790 De
461 2745 636 2790 successore
648 2723 741 2787 beato
754 2721 914 2808 Folquino
928 2720 1087 2786 destinato
1090 2768 1628 2787 ........................
1684 2725 1729 2808 95

312 2837 391 2900 XIII.
416 2838 465 2899 De
475 2835 604 2898 decessu
620 2833 766 2917 ejusdem
777 2832 862 2896 boati
879 2830 1039 2916 pontificis
1042 2880 1371 2897 ...............
1376 2816 1380 2824 ’
1387 2880 1627 2899 ...........
1648 2832 1728 2901 IIII.

313 2949 391 3011 XIV.
416 2946 513 3010 Aliud
522 2943 700 3030 capitulum
710 2990 1631 3011 ........................................
1684 2949 1730 3029 98

311 3061 375 3124 XV.
400 3053 721 3131 Breviatiovsslsrum
733 3052 1094 3140 monachorumpictus
1105 3102 1628 3122 .......................
1683 3077 1728 3139 97

311 3171 388 3236 XVI.
412 3172 460 3243 De
478 3167 598 3233 Kolmis
600 3212 1629 3234 .............................................
1649 3166 1726 3233 Im

311 3283 401 3347 XVII.
426 3283 473 3346 De
488 3278 713 3365 Fresingahem
726 3323 1625 3345 .......................................
1648 3277 1726 3342 Ibr'd.

309 3395 414 3462 XVIII.
440 3395 487 3459 De
502 3391 724 3478 Loningahem
731 3432 1625 3457 ........................................
1648 3387 1725 3455 IIII.

308 3508 387 3572 XIX.
413 3508 460 3572 De
477 3505 722 3589 Marningahem
729 3546 1624 3568 .......................................
1680 3500 1725 3581 98

308 3621 373 3682 XII.
397 3619 446 3682 De
461 3615 709 3701 Bermingahem
712 3656 1628 3677 ........................................
1647 3608 1724 3678 Ibr'd.

307 3731 386 3796 XIII.
411 3730 458 3793 De
471 3730 591 3792 Atoona
594 3766 1623 3790 .............................................
1679 3740 1722 3806 pp

307 3843 399 3908 XXII.
424 3842 472 3905 De
491 3836 702 3921 Botnigahem
709 3880 1624 3901 ........................................
1644 3831 1722 3899 IooI

307 3952 414 4017 XXIII.
437 3945 730 4032 Desserm’ngahem
735 3989 1622 4010 .......................................
1658 3962 1721 4009 roo

307 4066 412 4132 XXIV.
437 4066 486 4129 Do
501 4062 695 4149 Boingahem
727 4104 1623 4126 .......................................
1642 4055 1720 4123 IIII

306 4181 398 4244 XXV.
424 4179 471 4242 De
488 4174 615 4242 Coiako
629 4216 1620 4239 ...........................................
1655 4189 1716 4232 101

305 4289 411 4355 XXVI.
435 4289 485 4351 De
500 4284 737 4370 numinguhem
741 4327 1617 4348 ......................................
1641 4276 1719 4355 IIs'd,

304 4400 426 4465 XXVII.
452 4400 498 4463 De
514 4396 719 4485 Pupurninga
728 4438 1618 4461 .......................................
1654 4408 1715 4454 102

304 4511 440 4577 XXVIII.
464 4507 712 4574 DePascandaIa
721 4546 1615 4573 .......................................
1652 4500 1715 4564 103

304 4621 412 4687 XXIX.
436 4617 674 4688 DeWesen'nio
675 4659 1612 4684 ........................................
1636 4609 1715 4675 Im.

305 4734 399 4803 XXX.
424 4734 471 4797 Do
486 4729 695 4796 Aldomhem.
715 4781 722 4794 .
745 4770 1615 4794 ......................................
1635 4719 1714 4784 loid.
