4478 5842
334 490 404 563 rsa
673 438 1402 561 cularummen‘srrmrnsn.

328 651 376 726 ad
404 649 505 725 diem
531 648 662 726 mortis
684 647 774 754 ejus.
804 647 904 723 Uxor
929 672 1016 722 vero
1038 647 1132 752 ejus,
1159 645 1302 752 regina,
1326 645 1481 722 nomine
1502 644 1661 753 Odgiva,
1687 674 1751 754 ge-

281 840 286 863 ,
329 806 418 857 nere
438 778 703 868 transmarina,
727 805 812 854 cum
832 777 966 880 etipsa
992 773 1129 852 multas
1151 775 1405 852 insecutiones
1426 774 1559 865 fuisset
1584 775 1657 853 sub
1676 775 1749 854 hoc

327 918 497 1017 tempore
510 938 631 1017 passa,
647 909 769 984 lilium
786 936 917 997 suum,
933 907 1184 985 Hludovicum
1201 937 1380 1013 puerum,
1396 908 1443 984 ad
1458 907 1599 1017 Angles
1614 908 1750 986 direxit
1805 911 1810 923 '

326 1044 535 1134 tuendum}
561 1070 648 1118 nam
676 1058 713 1116 et
738 1040 862 1144 ipsum
889 1039 1099 1144 querebant
1124 1038 1441 1117 interficiendum.
1468 1043 1608 1147 Regem
1633 1021 1749 1149 igitur

327 1202 440 1278 super
456 1202 494 1249 se
508 1170 642 1247 Franci
657 1184 827 1246 statuunt
845 1167 1053 1245 flodulfum
1069 1170 1277 1275 quendam,
1290 1184 1394 1275 patre
1411 1169 1592 1262 Ricarde,
1609 1194 1747 1279 genere

327 1299 578 1377 Alvernicum.
595 1298 675 1377 Sub
687 1299 793 1406 cujus
804 1315 976 1404 tempere
988 1299 1216 1404 Stephanus,
1229 1299 1481 1389 Tarnanensis
1494 1297 1657 1376 ecclesie
1670 1301 1748 1406 epi-

327 1461 480 1538 scopus,
494 1431 681 1507 decessita
693 1427 848 1515 saecnle;
861 1429 919 1503 cni
932 1430 970 1503 in
981 1429 1196 1533 episcopatu
1210 1429 1619 1521 successitWicfridus,
1636 1427 1749 1539 hujus

327 1564 446 1638 nostri
476 1558 693 1636 monasterii
719 1557 845 1633 Sithiu
870 1556 1107 1661 prepositus,
1130 1585 1228 1634 anno
1256 1557 1525 1635 incarnationis
1550 1558 1748 1636 dominice

327 1716 562 1780 mcccxxxv„
584 1717 645 1766 x11.
663 1686 841 1795 kalendas
850 1686 955 1794 julii,
978 1685 1024 1761 ab
1040 1686 1195 1763 Artaldo
1220 1687 1472 1792 archipresule
1496 1705 1745 1769 consecratus.

327 1823 392 1898 His
414 1820 547 1898 diebus
568 1818 835 1908 Northmanni,
857 1846 874 1893 a
898 1819 1105 1926 Rotomage
1127 1818 1283 1896 collecta
1303 1819 1550 1897 multitudine
1575 1814 1744 1913 navium,

325 1949 622 2057 circumjacentia
650 1947 763 2023 maris
786 1947 910 2024 littora
937 1947 1194 2025 devastabant..
1225 1949 1341 2041 Quod
1377 1950 1535 2027 audiens
1560 1951 1746 2029 liedulfus

324 2113 402 2174 rex,
423 2097 646 2187 congregate
665 2080 894 2157 Francorum
917 2079 1097 2170 exercitu,
1115 2080 1330 2156 contrahes
1346 2079 1746 2190 inpage‘l'aruanense

323 2228 557 2318 pugnaturus
577 2208 739 2286 accessit.
761 2208 924 2315 Cognito
945 2209 1033 2299 lroc,
1051 2208 1299 2286 Nerthmanni
1321 2212 1500 2315 captivos,
1518 2240 1615 2317 ques
1631 2211 1678 2290 de
1695 2214 1746 2289 di·

322 2341 435 2416 versis
455 2339 546 2415 locis
568 2354 821 2442 sumpserant,
836 2337 1069 2443 jugularunt.
1092 2337 1278 2415 liedulfus
1304 2355 1429 2414 autem
1451 2369 1529 2431 rex,
1551 2341 1591 2415 in
1615 2360 1744 2425 mente

322 2471 386 2576 qui
414 2469 553 2546 dicitur
567 2466 772 2573 Falcobcrg
792 2467 984 2542 insecutus
1003 2494 1083 2557 eos,
1106 2467 1277 2571 praelium
1301 2469 1507 2559 commisit,
1534 2468 1744 2577 fugatisque

322 2601 389 2690 cis,
406 2600 595 2676 victoriam
617 2616 673 2674 est
687 2599 862 2699 adeptus,
886 2595 973 2671 licet
993 2624 1078 2671 cum
1097 2624 1252 2672 suerum
1275 2597 1435 2674 maxime
1457 2597 1666 2703 dispendio.

941 2889 1121 2962 LXXII.

792 3070 829 3108 DE
847 3067 977 3111 ADVENTU
994 3070 1163 3113 ,nnunovttu
1188 3071 1277 3112 REGlS.

378 3228 487 3304 Anno
521 3245 604 3332 pest
631 3227 709 3303 haec
732 3227 996 3309 incarnationis
1019 3228 1174 3303 Domini
1200 3254 1465 3318 nccecxxvnn,
1495 3232 1656 3309 Karelus
1679 3263 1743 3312 rex

321 3359 360 3434 iu
377 3361 519 3465 Parqna
541 3375 677 3447 castre,
701 3358 739 3432 in
762 3358 1021 3463 custodiaque
1043 3358 1177 3434 missus
1200 3355 1337 3449 fuerat,
1359 3358 1455 3435 obiit
1477 3387 1549 3439 xvr.
1567 3361 1742 3440 kalendas

322 3468 499 3578 octobris,
527 3489 772 3594 sepultusque
797 3506 852 3566 est
877 3489 916 3565 in
937 3487 1165 3565 monasterie
1190 3489 1304 3564 sancti
1330 3489 1471 3567 Fursei.
1499 3489 1604 3568 Obiit
1629 3492 1740 3568 etiam

321 3638 406 3725 post
431 3621 509 3697 haec
532 3598 720 3697 flodulfus
740 3625 838 3694 rex¹.
864 3618 952 3710 Quo
969 3615 1164 3708 defuncto,
1186 3618 1316 3692 Franci
1346 3635 1565 3696 transmare
1586 3639 1742 3726 prepter

321 3751 571 3827 llludovicum
592 3749 774 3852 dirigunt,
801 3766 844 3824 ut
866 3775 953 3823 cum
973 3746 1013 3823 in
1032 3763 1190 3852 paterno
1210 3747 1305 3825 solio
1327 3748 1366 3824 in
1387 3778 1546 3856 regnum
1562 3751 1741 3829 sublima-

320 3898 404 3957 rent
416 3883 663 3969 Francorum3
676 3877 824 3984 ipsique
838 3879 1066 3954 Francorum
1079 3905 1252 3982 proceres
1268 3878 1506 3986 episcopique
1521 3897 1559 3958 et
1571 3881 1738 3973 comites,

320 4010 526 4116 Bononiam
550 4036 668 4115 usque
692 4007 898 4098 civitatem,
920 4035 1006 4084 cum
1027 4008 1189 4086 maximo
1210 4009 1355 4088 bonore
1379 4038 1507 4118 regem
1530 4011 1738 4117 suscepturi

320 4143 465 4219 obviam
493 4158 670 4250 pergun13
699 4141 797 4218 inter
821 4168 916 4250 ques
946 4157 1025 4216 erat
1049 4140 1175 4250 Hugo,
1208 4141 1283 4217 dux
1309 4143 1536 4219 Francorum
1569 4141 1734 4234 inclitus,

319 4275 631 4378 Heribertusque,
654 4272 832 4377 deceptor
844 4269 1225 4362 fraudulentissimus,
1242 4288 1280 4347 et
1294 4272 1527 4378 Adalolphus
1543 4272 1734 4351 markisus.

319 4402 714 4508 Suscipientesregcm‚
724 4403 908 4511 Lugduno
921 4402 1076 4492 civitate,
1086 4431 1170 4479 cum
1186 4403 1330 4480 honere
1342 4405 1517 4496 maxime,
1530 4406 1735 4495 deducunt,

319 4533 446 4639 ibique
464 4559 550 4606 eum
570 4532 610 4606 in
629 4561 756 4640 regem
777 4533 921 4611 elevant
944 4551 982 4611 et
999 4551 1158 4640 ungunt.
1175 4535 1250 4626 Qui
1270 4535 1511 4614 confirmatus
1534 4538 1574 4614 in
1599 4565 1734 4647 regne,

318 4664 574 4780 Heribertum,
585 4663 699 4769 patris
709 4664 765 4740 sui
780 4665 1000 4743 traditorem
1015 4681 1054 4741 et
1066 4681 1265 4758 tortorem,
1281 4696 1319 4744 se
1330 4696 1482 4775 quoque
1496 4669 1603 4776 parili
1619 4670 1735 4748 mode

362 4830 368 4857 ¹
392 4828 472 4888 Obiit
487 4825 629 4913 liedulfus
645 4847 722 4914 anno
738 4826 812 4909 936,
826 4840 928 4888 mense
937 4828 999 4909 jan.

576 4965 595 5033 ,t
