<?xml version="1.0" encoding="UTF-8"?>
<!DOCTYPE html PUBLIC "-//W3C//DTD XHTML 1.0 Transitional//EN"
    "http://www.w3.org/TR/xhtml1/DTD/xhtml1-transitional.dtd">
<html xmlns="http://www.w3.org/1999/xhtml" xml:lang="en" lang="en">
 <head>
  <title>
</title>
<meta http-equiv="Content-Type" content="text/html;charset=utf-8" />
  <meta name='ocr-system' content='tesseract 3.04.00' />
  <meta name='ocr-capabilities' content='ocr_page ocr_carea ocr_par ocr_line ocrx_word'/>
</head>
<body>
  <div class='ocr_page' id='page_1' title='image "./cartulairedelab00frangoog_0147.png"; bbox 0 0 4388 5850; ppageno 0'>
   <div class='ocr_carea' id='block_1_1' title="bbox 391 496 1456 576">
    <p class='ocr_par' dir='ltr' id='par_1_1' title="bbox 391 496 1456 576">
     <span class='ocr_line' id='line_1_1' title="bbox 391 496 1456 576; baseline 0.007 -11"><span class='ocrx_word' id='word_1_1' title='bbox 391 497 437 566; x_wconf 76' lang='lat'>56</span> <span class='ocrx_word' id='word_1_2' title='bbox 733 496 1141 573; x_wconf 81' lang='lat' dir='ltr'>CHARTULARIUM</span> <span class='ocrx_word' id='word_1_3' title='bbox 1178 500 1456 576; x_wconf 86' lang='lat' dir='ltr'><strong>SITHIENSE.</strong></span> 
     </span>
    </p>
   </div>
   <div class='ocr_carea' id='block_1_2' title="bbox 289 633 1805 2276">
    <p class='ocr_par' dir='ltr' id='par_1_2' title="bbox 289 633 1805 2276">
     <span class='ocr_line' id='line_1_2' title="bbox 388 633 1804 752; baseline 0.011 -44"><span class='ocrx_word' id='word_1_4' title='bbox 388 633 516 712; x_wconf 90' lang='lat' dir='ltr'>biliter</span> <span class='ocrx_word' id='word_1_5' title='bbox 543 657 815 716; x_wconf 91' lang='lat' dir='ltr'>consenserunt</span> <span class='ocrx_word' id='word_1_6' title='bbox 841 639 900 716; x_wconf 90' lang='lat' dir='ltr'>vel</span> <span class='ocrx_word' id='word_1_7' title='bbox 926 640 1256 728; x_wconf 86' lang='lat' dir='ltr'>confirmaverunt;</span> <span class='ocrx_word' id='word_1_8' title='bbox 1289 658 1326 717; x_wconf 90' lang='lat' dir='ltr'>et</span> <span class='ocrx_word' id='word_1_9' title='bbox 1343 642 1390 718; x_wconf 89' lang='lat' dir='ltr'>de</span> <span class='ocrx_word' id='word_1_10' title='bbox 1420 669 1465 719; x_wconf 91' lang='lat' dir='ltr'>eo</span> <span class='ocrx_word' id='word_1_11' title='bbox 1492 659 1664 750; x_wconf 87' lang='lat' dir='ltr'>tempore</span> <span class='ocrx_word' id='word_1_12' title='bbox 1684 673 1804 752; x_wconf 89' lang='lat' dir='ltr'>usque</span> 
     </span>
     <span class='ocr_line' id='line_1_3' title="bbox 390 769 1805 882; baseline 0.008 -43"><span class='ocrx_word' id='word_1_13' title='bbox 390 792 489 840; x_wconf 92' lang='lat' dir='ltr'>nunc</span> <span class='ocrx_word' id='word_1_14' title='bbox 513 786 614 845; x_wconf 89' lang='lat' dir='ltr'>recto</span> <span class='ocrx_word' id='word_1_15' title='bbox 634 769 783 845; x_wconf 86' lang='lat' dir='ltr'>tramite</span> <span class='ocrx_word' id='word_1_16' title='bbox 804 769 876 844; x_wconf 86' lang='lat' dir='ltr'>fuit</span> <span class='ocrx_word' id='word_1_17' title='bbox 897 786 1173 858; x_wconf 87' lang='lat' dir='ltr'>conservatum,</span> <span class='ocrx_word' id='word_1_18' title='bbox 1188 771 1239 845; x_wconf 89' lang='lat' dir='ltr'>ita</span> <span class='ocrx_word' id='word_1_19' title='bbox 1259 788 1296 847; x_wconf 89' lang='lat' dir='ltr'>et</span> <span class='ocrx_word' id='word_1_20' title='bbox 1315 771 1458 864; x_wconf 88' lang='lat' dir='ltr'>inante,</span> <span class='ocrx_word' id='word_1_21' title='bbox 1477 801 1546 878; x_wconf 88' lang='lat' dir='ltr'>pro</span> <span class='ocrx_word' id='word_1_22' title='bbox 1565 791 1694 852; x_wconf 90' lang='lat' dir='ltr'>nostro</span> <span class='ocrx_word' id='word_1_23' title='bbox 1709 802 1805 882; x_wconf 84' lang='lat' dir='ltr'>prae·</span> 
     </span>
     <span class='ocr_line' id='line_1_4' title="bbox 389 898 1805 1011; baseline 0.009 -42"><span class='ocrx_word' id='word_1_24' title='bbox 389 913 496 1001; x_wconf 88' lang='lat' dir='ltr'>cepto</span> <span class='ocrx_word' id='word_1_25' title='bbox 511 898 660 1003; x_wconf 88' lang='lat' dir='ltr'>plenius</span> <span class='ocrx_word' id='word_1_26' title='bbox 673 899 712 974; x_wconf 92' lang='lat' dir='ltr'>iu</span> <span class='ocrx_word' id='word_1_27' title='bbox 723 899 793 977; x_wconf 92' lang='lat' dir='ltr'>Dei</span> <span class='ocrx_word' id='word_1_28' title='bbox 809 899 964 975; x_wconf 92' lang='lat' dir='ltr'>nomine</span> <span class='ocrx_word' id='word_1_29' title='bbox 980 899 1220 989; x_wconf 87' lang='lat' dir='ltr'>confirmato,</span> <span class='ocrx_word' id='word_1_30' title='bbox 1237 900 1418 1005; x_wconf 87' lang='lat' dir='ltr'>inspectas</span> <span class='ocrx_word' id='word_1_31' title='bbox 1432 901 1529 1005; x_wconf 90' lang='lat' dir='ltr'>ipsas</span> <span class='ocrx_word' id='word_1_32' title='bbox 1539 904 1805 1011; x_wconf 73' lang='lat' dir='ltr'>preceptiones</span> 
     </span>
     <span class='ocr_line' id='line_1_5' title="bbox 389 1026 1804 1141; baseline 0.006 -39"><span class='ocrx_word' id='word_1_33' title='bbox 389 1031 725 1135; x_wconf 87' lang='lat' dir='ltr'>suprascriptorum</span> <span class='ocrx_word' id='word_1_34' title='bbox 740 1029 969 1134; x_wconf 89' lang='lat' dir='ltr'>principum,</span> <span class='ocrx_word' id='word_1_35' title='bbox 989 1029 1086 1104; x_wconf 90' lang='lat' dir='ltr'>sicut</span> <span class='ocrx_word' id='word_1_36' title='bbox 1104 1056 1173 1134; x_wconf 89' lang='lat' dir='ltr'>per</span> <span class='ocrx_word' id='word_1_37' title='bbox 1193 1029 1344 1104; x_wconf 90' lang='lat' dir='ltr'>easdem</span> <span class='ocrx_word' id='word_1_38' title='bbox 1365 1026 1584 1121; x_wconf 81' lang='lat' dir='ltr'>declaratur,</span> <span class='ocrx_word' id='word_1_39' title='bbox 1606 1034 1702 1111; x_wconf 91' lang='lat' dir='ltr'>circa</span> <span class='ocrx_word' id='word_1_40' title='bbox 1721 1036 1804 1141; x_wconf 89' lang='lat' dir='ltr'>ipso</span> 
     </span>
     <span class='ocr_line' id='line_1_6' title="bbox 289 1155 1801 1262; baseline 0.007 -30"><span class='ocrx_word' id='word_1_41' title='bbox 289 1211 293 1220; x_wconf 82' lang='grc'><strong>-</strong></span> <span class='ocrx_word' id='word_1_42' title='bbox 389 1156 512 1235; x_wconf 84' lang='lat' dir='ltr'>abbati</span> <span class='ocrx_word' id='word_1_43' title='bbox 541 1161 694 1236; x_wconf 76' lang='lat' dir='ltr'>bertino</span> <span class='ocrx_word' id='word_1_44' title='bbox 713 1157 772 1235; x_wconf 88' lang='lat' dir='ltr'>vel</span> <span class='ocrx_word' id='word_1_45' title='bbox 799 1156 1074 1234; x_wconf 88' lang='lat' dir='ltr'>successoribus</span> <span class='ocrx_word' id='word_1_46' title='bbox 1099 1155 1187 1248; x_wconf 89' lang='lat' dir='ltr'>suis,</span> <span class='ocrx_word' id='word_1_47' title='bbox 1218 1175 1283 1233; x_wconf 90' lang='lat' dir='ltr'>aut</span> <span class='ocrx_word' id='word_1_48' title='bbox 1308 1158 1388 1262; x_wconf 93' lang='lat' dir='ltr'>ipso</span> <span class='ocrx_word' id='word_1_49' title='bbox 1414 1163 1641 1241; x_wconf 89' lang='lat' dir='ltr'>monasterio</span> <span class='ocrx_word' id='word_1_50' title='bbox 1659 1164 1801 1255; x_wconf 87' lang='lat' dir='ltr'>Sithiu,</span> 
     </span>
     <span class='ocr_line' id='line_1_7' title="bbox 388 1285 1804 1391; baseline 0.008 -30"><span class='ocrx_word' id='word_1_51' title='bbox 388 1289 492 1363; x_wconf 91' lang='lat' dir='ltr'>onmi</span> <span class='ocrx_word' id='word_1_52' title='bbox 509 1305 692 1391; x_wconf 88' lang='lat' dir='ltr'>tempore,</span> <span class='ocrx_word' id='word_1_53' title='bbox 710 1287 799 1390; x_wconf 89' lang='lat' dir='ltr'>ipsis</span> <span class='ocrx_word' id='word_1_54' title='bbox 813 1285 1007 1363; x_wconf 83' lang='lat' dir='ltr'>beneficiis</span> <span class='ocrx_word' id='word_1_55' title='bbox 1022 1287 1216 1376; x_wconf 87' lang='lat' dir='ltr'><strong>concessis,</strong></span> <span class='ocrx_word' id='word_1_56' title='bbox 1236 1287 1275 1361; x_wconf 93' lang='lat' dir='ltr'>in</span> <span class='ocrx_word' id='word_1_57' title='bbox 1292 1288 1468 1367; x_wconf 89' lang='lat' dir='ltr'>omnibus</span> <span class='ocrx_word' id='word_1_58' title='bbox 1484 1291 1604 1369; x_wconf 86' lang='lat' dir='ltr'>valeat</span> <span class='ocrx_word' id='word_1_59' title='bbox 1619 1321 1698 1372; x_wconf 87' lang='lat' dir='ltr'>esse</span> <span class='ocrx_word' id='word_1_60' title='bbox 1713 1323 1804 1372; x_wconf 91' lang='lat' dir='ltr'>con-</span> 
     </span>
     <span class='ocr_line' id='line_1_8' title="bbox 385 1413 1803 1532; baseline 0.006 -39"><span class='ocrx_word' id='word_1_61' title='bbox 385 1436 586 1507; x_wconf 85' lang='lat' dir='ltr'>servatum,</span> <span class='ocrx_word' id='word_1_62' title='bbox 615 1435 653 1494; x_wconf 89' lang='lat' dir='ltr'>et</span> <span class='ocrx_word' id='word_1_63' title='bbox 672 1417 777 1493; x_wconf 89' lang='lat' dir='ltr'>nulla</span> <span class='ocrx_word' id='word_1_64' title='bbox 799 1415 1045 1523; x_wconf 83' lang='lat' dir='ltr'><strong>refragatione</strong></span> <span class='ocrx_word' id='word_1_65' title='bbox 1065 1415 1123 1490; x_wconf 86' lang='lat' dir='ltr'>vol</span> <span class='ocrx_word' id='word_1_66' title='bbox 1144 1413 1251 1492; x_wconf 94' lang='lat' dir='ltr'>nullo</span> <span class='ocrx_word' id='word_1_67' title='bbox 1273 1416 1547 1522; x_wconf 77' lang='lat' dir='ltr'>impedimento</span> <span class='ocrx_word' id='word_1_68' title='bbox 1575 1422 1803 1532; x_wconf 71' lang='lat' dir='ltr'>ajudicibus</span> 
     </span>
     <span class='ocr_line' id='line_1_9' title="bbox 385 1545 1802 1661; baseline 0.008 -38"><span class='ocrx_word' id='word_1_69' title='bbox 385 1545 547 1651; x_wconf 89' lang='lat' dir='ltr'>publicis</span> <span class='ocrx_word' id='word_1_70' title='bbox 565 1549 698 1624; x_wconf 81' lang='lat' dir='ltr'>exinde</span> <span class='ocrx_word' id='word_1_71' title='bbox 713 1575 790 1653; x_wconf 91' lang='lat' dir='ltr'>quo</span> <span class='ocrx_word' id='word_1_72' title='bbox 804 1562 974 1652; x_wconf 88' lang='lat' dir='ltr'>tempore</span> <span class='ocrx_word' id='word_1_73' title='bbox 994 1545 1133 1622; x_wconf 87' lang='lat' dir='ltr'>habere</span> <span class='ocrx_word' id='word_1_74' title='bbox 1149 1573 1227 1622; x_wconf 93' lang='lat' dir='ltr'>non</span> <span class='ocrx_word' id='word_1_75' title='bbox 1240 1546 1515 1651; x_wconf 87' lang='lat' dir='ltr'>pertimescant.</span> <span class='ocrx_word' id='word_1_76' title='bbox 1533 1551 1641 1630; x_wconf 85' lang='lat' dir='ltr'>Unde</span> <span class='ocrx_word' id='word_1_77' title='bbox 1662 1570 1705 1631; x_wconf 90' lang='lat' dir='ltr'>ut</span> <span class='ocrx_word' id='word_1_78' title='bbox 1724 1555 1802 1661; x_wconf 90' lang='lat' dir='ltr'>ipsa</span> 
     </span>
     <span class='ocr_line' id='line_1_10' title="bbox 385 1674 1801 1783; baseline 0.004 -28"><span class='ocrx_word' id='word_1_79' title='bbox 385 1678 637 1769; x_wconf 84' lang='lat' dir='ltr'>confirmatio,</span> <span class='ocrx_word' id='word_1_80' title='bbox 663 1705 733 1783; x_wconf 90' lang='lat' dir='ltr'>pro</span> <span class='ocrx_word' id='word_1_81' title='bbox 757 1675 956 1754; x_wconf 76' lang='lat' dir='ltr'>stabilitate</span> <span class='ocrx_word' id='word_1_82' title='bbox 976 1676 1082 1782; x_wconf 90' lang='lat' dir='ltr'>regni</span> <span class='ocrx_word' id='word_1_83' title='bbox 1112 1674 1229 1752; x_wconf 89' lang='lat' dir='ltr'>nostri</span> <span class='ocrx_word' id='word_1_84' title='bbox 1256 1674 1315 1753; x_wconf 85' lang='lat' dir='ltr'>vel</span> <span class='ocrx_word' id='word_1_85' title='bbox 1338 1677 1459 1755; x_wconf 88' lang='lat' dir='ltr'>salute</span> <span class='ocrx_word' id='word_1_86' title='bbox 1482 1681 1626 1783; x_wconf 88' lang='lat' dir='ltr'>patriae,</span> <span class='ocrx_word' id='word_1_87' title='bbox 1645 1682 1801 1762; x_wconf 90' lang='lat' dir='ltr'>Domini</span> 
     </span>
     <span class='ocr_line' id='line_1_11' title="bbox 384 1786 1802 1915; baseline 0.004 -30"><span class='ocrx_word' id='word_1_88' title='bbox 384 1808 680 1886; x_wconf 88' lang='lat' dir='ltr'>misericordiam</span> <span class='ocrx_word' id='word_1_89' title='bbox 697 1807 839 1915; x_wconf 88' lang='lat' dir='ltr'>jugiter</span> <span class='ocrx_word' id='word_1_90' title='bbox 859 1806 1021 1884; x_wconf 86' lang='lat' dir='ltr'>debeant</span> <span class='ocrx_word' id='word_1_91' title='bbox 1039 1833 1201 1883; x_wconf 83' lang='lat' dir='ltr'>exorare.</span> <span class='ocrx_word' id='word_1_92' title='bbox 1220 1807 1267 1882; x_wconf 90' lang='lat' dir='ltr'>Et</span> <span class='ocrx_word' id='word_1_93' title='bbox 1282 1823 1327 1883; x_wconf 88' lang='lat' dir='ltr'>ut</span> <span class='ocrx_word' id='word_1_94' title='bbox 1344 1807 1424 1884; x_wconf 82' lang='lat' dir='ltr'>haec</span> <span class='ocrx_word' id='word_1_95' title='bbox 1442 1810 1641 1889; x_wconf 80' lang='lat' dir='ltr'>auctoritas</span> <span class='ocrx_word' id='word_1_96' title='bbox 1655 1786 1802 1891; x_wconf 85' lang='lat' dir='ltr'>firmior</span> 
     </span>
     <span class='ocr_line' id='line_1_12' title="bbox 384 1936 1799 2046; baseline 0.005 -31"><span class='ocrx_word' id='word_1_97' title='bbox 384 1938 576 2027; x_wconf 86' lang='lat' dir='ltr'>habeatur,</span> <span class='ocrx_word' id='word_1_98' title='bbox 599 1938 693 2016; x_wconf 91' lang='lat' dir='ltr'>etin</span> <span class='ocrx_word' id='word_1_99' title='bbox 713 1936 891 2014; x_wconf 89' lang='lat' dir='ltr'>omnibus</span> <span class='ocrx_word' id='word_1_100' title='bbox 904 1953 1154 2028; x_wconf 87' lang='lat' dir='ltr'>conservetur,</span> <span class='ocrx_word' id='word_1_101' title='bbox 1174 1964 1244 2013; x_wconf 89' lang='lat' dir='ltr'>nos</span> <span class='ocrx_word' id='word_1_102' title='bbox 1264 1951 1301 2014; x_wconf 89' lang='lat' dir='ltr'>et</span> <span class='ocrx_word' id='word_1_103' title='bbox 1315 1936 1487 2043; x_wconf 79' lang='lat' dir='ltr'>precelsa</span> <span class='ocrx_word' id='word_1_104' title='bbox 1502 1940 1662 2046; x_wconf 86' lang='lat' dir='ltr'>genitrix</span> <span class='ocrx_word' id='word_1_105' title='bbox 1675 1959 1799 2023; x_wconf 88' lang='lat' dir='ltr'>nostra</span> 
     </span>
     <span class='ocr_line' id='line_1_13' title="bbox 383 2065 1801 2176; baseline 0.001 -31"><span class='ocrx_word' id='word_1_106' title='bbox 383 2067 663 2145; x_wconf 88' lang='lat' dir='ltr'>Chrotechildis</span> <span class='ocrx_word' id='word_1_107' title='bbox 682 2067 808 2176; x_wconf 86' lang='lat' dir='ltr'>regina</span> <span class='ocrx_word' id='word_1_108' title='bbox 837 2094 972 2144; x_wconf 88' lang='lat' dir='ltr'>manus</span> <span class='ocrx_word' id='word_1_109' title='bbox 994 2083 1129 2145; x_wconf 82' lang='lat' dir='ltr'>nostrae</span> <span class='ocrx_word' id='word_1_110' title='bbox 1150 2065 1362 2174; x_wconf 86' lang='lat' dir='ltr'>signaculis·</span> <span class='ocrx_word' id='word_1_111' title='bbox 1375 2065 1506 2145; x_wconf 89' lang='lat' dir='ltr'>subter</span> <span class='ocrx_word' id='word_1_112' title='bbox 1530 2096 1613 2148; x_wconf 87' lang='lat' dir='ltr'>eam</span> <span class='ocrx_word' id='word_1_113' title='bbox 1638 2070 1801 2148; x_wconf 87' lang='lat' dir='ltr'>decrevi-</span> 
     </span>
     <span class='ocr_line' id='line_1_14' title="bbox 382 2194 1100 2276; baseline 0.001 -2"><span class='ocrx_word' id='word_1_114' title='bbox 382 2226 468 2274; x_wconf 90' lang='lat' dir='ltr'>mus</span> <span class='ocrx_word' id='word_1_115' title='bbox 486 2198 720 2276; x_wconf 87' lang='lat' dir='ltr'>confirmare.</span> <span class='ocrx_word' id='word_1_116' title='bbox 1098 2194 1100 2198; x_wconf 39' lang='lat'><em>⁴</em></span> 
     </span>
    </p>
   </div>
   <div class='ocr_carea' id='block_1_3' title="bbox 438 2371 1180 2588">
    <p class='ocr_par' dir='ltr' id='par_1_3' title="bbox 438 2371 1180 2588">
     <span class='ocr_line' id='line_1_15' title="bbox 438 2371 1180 2588; baseline -0.007 -86"><span class='ocrx_word' id='word_1_117' title='bbox 438 2424 622 2531; x_wconf 84' lang='lat' dir='ltr'>«Signum</span> <span class='ocrx_word' id='word_1_118' title='bbox 639 2371 774 2588; x_wconf 51' lang='grc' dir='ltr'><strong><em>Μ</em></strong></span> <span class='ocrx_word' id='word_1_119' title='bbox 805 2422 959 2532; x_wconf 85' lang='lat' dir='ltr'>gloriosi</span> <span class='ocrx_word' id='word_1_120' title='bbox 980 2424 1180 2504; x_wconf 81' lang='lat' dir='ltr'>Ctooovar.</span> 
     </span>
    </p>
   </div>
   <div class='ocr_carea' id='block_1_4' title="bbox 437 2680 1792 2834">
    <p class='ocr_par' dir='ltr' id='par_1_4' title="bbox 437 2680 1792 2834">
     <span class='ocr_line' id='line_1_16' title="bbox 437 2680 1792 2834; baseline -0.004 -51"><span class='ocrx_word' id='word_1_121' title='bbox 437 2708 620 2812; x_wconf 75' lang='lat' dir='ltr'>«Signum</span> <span class='ocrx_word' id='word_1_122' title='bbox 637 2680 768 2834; x_wconf 47' lang='lat'>{0550</span> <span class='ocrx_word' id='word_1_123' title='bbox 785 2708 966 2812; x_wconf 82' lang='lat' dir='ltr'>praecelsae</span> <span class='ocrx_word' id='word_1_124' title='bbox 983 2706 1172 2815; x_wconf 89' lang='lat' dir='ltr'>genitricis</span> <span class='ocrx_word' id='word_1_125' title='bbox 1186 2721 1321 2780; x_wconf 89' lang='lat' dir='ltr'>nostrae</span> <span class='ocrx_word' id='word_1_126' title='bbox 1336 2704 1630 2781; x_wconf 79' lang='lat' dir='ltr'>Cauouncultnts</span> <span class='ocrx_word' id='word_1_127' title='bbox 1643 2703 1792 2811; x_wconf 87' lang='lat' dir='ltr'>reginae.</span> 
     </span>
    </p>
   </div>
   <div class='ocr_carea' id='block_1_5' title="bbox 438 2924 1486 3031">
    <p class='ocr_par' dir='ltr' id='par_1_5' title="bbox 438 2924 1486 3031">
     <span class='ocr_line' id='line_1_17' title="bbox 438 2924 1486 3031; baseline -0.003 -29"><span class='ocrx_word' id='word_1_128' title='bbox 438 2964 449 2990; x_wconf 71' lang='grc' dir='ltr'>«ι</span> <span class='ocrx_word' id='word_1_129' title='bbox 464 2927 598 3003; x_wconf 78' lang='lat' dir='ltr'>Actum</span> <span class='ocrx_word' id='word_1_130' title='bbox 625 2924 695 3004; x_wconf 89' lang='lat' dir='ltr'>sub</span> <span class='ocrx_word' id='word_1_131' title='bbox 716 2926 778 3002; x_wconf 89' lang='lat' dir='ltr'>die</span> <span class='ocrx_word' id='word_1_132' title='bbox 798 2955 820 3003; x_wconf 90' lang='lat'>1.</span> <span class='ocrx_word' id='word_1_133' title='bbox 843 2928 913 3002; x_wconf 85' lang='lat' dir='ltr'>kal.</span> <span class='ocrx_word' id='word_1_134' title='bbox 927 2929 1009 3031; x_wconf 89' lang='lat' dir='ltr'>jun.</span> <span class='ocrx_word' id='word_1_135' title='bbox 1035 2954 1135 3003; x_wconf 85' lang='lat' dir='ltr'>armo</span> <span class='ocrx_word' id='word_1_136' title='bbox 1156 2954 1177 2999; x_wconf 93' lang='grc' dir='ltr'>ι.</span> <span class='ocrx_word' id='word_1_137' title='bbox 1205 2928 1310 3030; x_wconf 87' lang='lat' dir='ltr'>regni</span> <span class='ocrx_word' id='word_1_138' title='bbox 1327 2927 1486 3002; x_wconf 80' lang='lat' dir='ltr'>nostri·</span> 
     </span>
    </p>
   </div>
   <div class='ocr_carea' id='block_1_6' title="bbox 1045 3216 1131 3290">
    <p class='ocr_par' dir='ltr' id='par_1_6' title="bbox 1045 3216 1131 3290">
     <span class='ocr_line' id='line_1_18' title="bbox 1045 3216 1131 3290; baseline 0 0"><span class='ocrx_word' id='word_1_139' title='bbox 1045 3216 1131 3290; x_wconf 88' lang='lat' dir='ltr'>XV.</span> 
     </span>
    </p>
   </div>
   <div class='ocr_carea' id='block_1_7' title="bbox 495 3397 1682 3448">
    <p class='ocr_par' dir='ltr' id='par_1_7' title="bbox 495 3397 1682 3448">
     <span class='ocr_line' id='line_1_19' title="bbox 495 3397 1682 3448; baseline -0.004 -4"><span class='ocrx_word' id='word_1_140' title='bbox 495 3404 532 3444; x_wconf 76' lang='lat' dir='ltr'>DE</span> <span class='ocrx_word' id='word_1_141' title='bbox 554 3403 654 3448; x_wconf 64' lang='grc' dir='ltr'>ΜΟΜἚ</span> <span class='ocrx_word' id='word_1_142' title='bbox 674 3400 813 3446; x_wconf 75' lang='lat' dir='ltr'>nwnovat</span> <span class='ocrx_word' id='word_1_143' title='bbox 837 3403 871 3444; x_wconf 72' lang='grc' dir='ltr'>ΕΤ</span> <span class='ocrx_word' id='word_1_144' title='bbox 892 3399 1074 3444; x_wconf 69' lang='lat' dir='ltr'>successtotta</span> <span class='ocrx_word' id='word_1_145' title='bbox 1094 3397 1281 3446; x_wconf 73' lang='lat' dir='ltr'>altuenum,</span> <span class='ocrx_word' id='word_1_146' title='bbox 1305 3398 1340 3440; x_wconf 77' lang='lat' dir='ltr'>ET</span> <span class='ocrx_word' id='word_1_147' title='bbox 1362 3397 1527 3440; x_wconf 72' lang='lat' dir='ltr'>PRlVlelo</span> <span class='ocrx_word' id='word_1_148' title='bbox 1548 3399 1682 3442; x_wconf 67' lang='lat' dir='ltr'>masnata.</span> 
     </span>
    </p>
   </div>
   <div class='ocr_carea' id='block_1_8' title="bbox 343 3594 1793 4229">
    <p class='ocr_par' dir='ltr' id='par_1_8' title="bbox 343 3594 1793 4229">
     <span class='ocr_line' id='line_1_20' title="bbox 434 3594 1792 3690; baseline -0.007 -10"><span class='ocrx_word' id='word_1_149' title='bbox 434 3603 542 3682; x_wconf 84' lang='lat' dir='ltr'>Anno</span> <span class='ocrx_word' id='word_1_150' title='bbox 571 3605 682 3681; x_wconf 84' lang='lat' dir='ltr'>etiam</span> <span class='ocrx_word' id='word_1_151' title='bbox 712 3600 909 3679; x_wconf 76' lang='lat' dir='ltr'>dominice</span> <span class='ocrx_word' id='word_1_152' title='bbox 934 3594 1200 3690; x_wconf 88' lang='lat' dir='ltr'>incarnationis</span> <span class='ocrx_word' id='word_1_153' title='bbox 1222 3619 1429 3677; x_wconf 75' lang='lat' dir='ltr'>ornamur.</span> <span class='ocrx_word' id='word_1_154' title='bbox 1452 3623 1558 3682; x_wconf 89' lang='lat' dir='ltr'>cum,</span> <span class='ocrx_word' id='word_1_155' title='bbox 1587 3594 1792 3672; x_wconf 87' lang='lat' dir='ltr'>decedente</span> 
     </span>
     <span class='ocr_line' id='line_1_21' title="bbox 378 3721 1793 3839; baseline -0.007 -29"><span class='ocrx_word' id='word_1_156' title='bbox 378 3733 567 3839; x_wconf 81' lang='lat' dir='ltr'>prephato</span> <span class='ocrx_word' id='word_1_157' title='bbox 592 3760 679 3839; x_wconf 88' lang='lat' dir='ltr'>rege</span> <span class='ocrx_word' id='word_1_158' title='bbox 699 3729 910 3816; x_wconf 87' lang='lat' dir='ltr'>Clodoveo,</span> <span class='ocrx_word' id='word_1_159' title='bbox 927 3753 1024 3803; x_wconf 89' lang='lat' dir='ltr'>anno</span> <span class='ocrx_word' id='word_1_160' title='bbox 1046 3723 1151 3831; x_wconf 82' lang='lat' dir='ltr'>regni</span> <span class='ocrx_word' id='word_1_161' title='bbox 1172 3723 1339 3830; x_wconf 83' lang='lat' dir='ltr'>ejus¹11.,</span> <span class='ocrx_word' id='word_1_162' title='bbox 1360 3722 1475 3800; x_wconf 82' lang='lat' dir='ltr'>frater</span> <span class='ocrx_word' id='word_1_163' title='bbox 1494 3725 1574 3830; x_wconf 87' lang='lat' dir='ltr'>ejus</span> <span class='ocrx_word' id='word_1_164' title='bbox 1592 3721 1793 3801; x_wconf 90' lang='lat' dir='ltr'>Hildeber—</span> 
     </span>
     <span class='ocr_line' id='line_1_22' title="bbox 378 3851 1789 3968; baseline -0.006 -28"><span class='ocrx_word' id='word_1_165' title='bbox 378 3881 436 3940; x_wconf 87' lang='lat' dir='ltr'>tus</span> <span class='ocrx_word' id='word_1_166' title='bbox 459 3865 689 3940; x_wconf 87' lang='lat' dir='ltr'>Francorum</span> <span class='ocrx_word' id='word_1_167' title='bbox 708 3858 869 3968; x_wconf 88' lang='lat' dir='ltr'>gloriose</span> <span class='ocrx_word' id='word_1_168' title='bbox 891 3855 1110 3962; x_wconf 87' lang='lat' dir='ltr'>sumpsisset</span> <span class='ocrx_word' id='word_1_169' title='bbox 1130 3852 1350 3959; x_wconf 84' lang='lat' dir='ltr'>imperium,</span> <span class='ocrx_word' id='word_1_170' title='bbox 1373 3881 1470 3931; x_wconf 91' lang='lat' dir='ltr'>auno</span> <span class='ocrx_word' id='word_1_171' title='bbox 1492 3879 1542 3929; x_wconf 93' lang='grc' dir='ltr'><strong>ιιι.</strong></span> <span class='ocrx_word' id='word_1_172' title='bbox 1564 3851 1671 3956; x_wconf 89' lang='lat' dir='ltr'>regni</span> <span class='ocrx_word' id='word_1_173' title='bbox 1692 3852 1789 3960; x_wconf 89' lang='lat' dir='ltr'>ejus,</span> 
     </span>
     <span class='ocr_line' id='line_1_23' title="bbox 343 3980 1791 4092; baseline -0.003 -25"><span class='ocrx_word' id='word_1_174' title='bbox 343 3980 353 3989; x_wconf 51' lang='grc'><strong>”</strong></span> <span class='ocrx_word' id='word_1_175' title='bbox 376 3993 463 4071; x_wconf 82' lang='lat' dir='ltr'>l&#39;ecit</span> <span class='ocrx_word' id='word_1_176' title='bbox 485 3993 589 4069; x_wconf 87' lang='lat' dir='ltr'>idem</span> <span class='ocrx_word' id='word_1_177' title='bbox 612 4018 677 4067; x_wconf 80' lang='lat' dir='ltr'>rex</span> <span class='ocrx_word' id='word_1_178' title='bbox 702 3990 846 4068; x_wconf 90' lang='lat' dir='ltr'>domno</span> <span class='ocrx_word' id='word_1_179' title='bbox 869 3986 1025 4066; x_wconf 86' lang='lat' dir='ltr'>Bertino</span> <span class='ocrx_word' id='word_1_180' title='bbox 1053 3982 1298 4092; x_wconf 67' lang='lat' dir='ltr'>priuilegium</span> <span class='ocrx_word' id='word_1_181' title='bbox 1318 3985 1428 4092; x_wconf 86' lang='lat' dir='ltr'>regiae</span> <span class='ocrx_word' id='word_1_182' title='bbox 1453 3981 1703 4074; x_wconf 84' lang='lat' dir='ltr'>auctoritatis,</span> <span class='ocrx_word' id='word_1_183' title='bbox 1732 4013 1791 4063; x_wconf 88' lang='lat' dir='ltr'>se-</span> 
     </span>
     <span class='ocr_line' id='line_1_24' title="bbox 375 4113 1789 4229; baseline -0.009 -26"><span class='ocrx_word' id='word_1_184' title='bbox 375 4126 544 4205; x_wconf 89' lang='lat' dir='ltr'>cundum</span> <span class='ocrx_word' id='word_1_185' title='bbox 564 4122 818 4229; x_wconf 85' lang='lat' dir='ltr'>suprascriptae</span> <span class='ocrx_word' id='word_1_186' title='bbox 838 4116 1122 4225; x_wconf 91' lang='lat' dir='ltr'>conscriptionis</span> <span class='ocrx_word' id='word_1_187' title='bbox 1144 4132 1336 4205; x_wconf 85' lang='lat' dir='ltr'>tenorem,</span> <span class='ocrx_word' id='word_1_188' title='bbox 1354 4142 1467 4220; x_wconf 88' lang='lat' dir='ltr'>qnam</span> <span class='ocrx_word' id='word_1_189' title='bbox 1486 4113 1531 4190; x_wconf 90' lang='lat' dir='ltr'>ab</span> <span class='ocrx_word' id='word_1_190' title='bbox 1557 4130 1789 4193; x_wconf 89' lang='lat' dir='ltr'>antecessore</span> 
     </span>
    </p>
   </div>
   <div class='ocr_carea' id='block_1_9' title="bbox 373 4243 1790 4486">
    <p class='ocr_par' dir='ltr' id='par_1_9' title="bbox 373 4243 1790 4486">
     <span class='ocr_line' id='line_1_25' title="bbox 375 4243 1790 4362; baseline -0.006 -34"><span class='ocrx_word' id='word_1_191' title='bbox 375 4285 442 4331; x_wconf 84' lang='lat' dir='ltr'>suo</span> <span class='ocrx_word' id='word_1_192' title='bbox 460 4256 652 4333; x_wconf 89' lang='lat' dir='ltr'>Clodoveo</span> <span class='ocrx_word' id='word_1_193' title='bbox 672 4279 759 4362; x_wconf 88' lang='lat' dir='ltr'>rege</span> <span class='ocrx_word' id='word_1_194' title='bbox 779 4250 931 4339; x_wconf 85' lang='lat' dir='ltr'>factam,</span> <span class='ocrx_word' id='word_1_195' title='bbox 956 4276 1067 4352; x_wconf 88' lang='lat' dir='ltr'>supra</span> <span class='ocrx_word' id='word_1_196' title='bbox 1081 4246 1161 4352; x_wconf 89' lang='lat' dir='ltr'>jam</span> <span class='ocrx_word' id='word_1_197' title='bbox 1184 4244 1482 4349; x_wconf 90' lang='lat' dir='ltr'>conscripsimus.</span> <span class='ocrx_word' id='word_1_198' title='bbox 1507 4243 1622 4336; x_wconf 90' lang='lat' dir='ltr'>Quod</span> <span class='ocrx_word' id='word_1_199' title='bbox 1641 4243 1790 4350; x_wconf 89' lang='lat' dir='ltr'>privile-</span> 
     </span>
     <span class='ocr_line' id='line_1_26' title="bbox 373 4373 1789 4486; baseline -0.006 -30"><span class='ocrx_word' id='word_1_200' title='bbox 373 4379 477 4486; x_wconf 88' lang='lat' dir='ltr'>gium</span> <span class='ocrx_word' id='word_1_201' title='bbox 490 4382 553 4457; x_wconf 91' lang='lat' dir='ltr'>hic</span> <span class='ocrx_word' id='word_1_202' title='bbox 565 4383 652 4458; x_wconf 88' lang='lat' dir='ltr'>ideo</span> <span class='ocrx_word' id='word_1_203' title='bbox 667 4379 894 4473; x_wconf 87' lang='lat' dir='ltr'>omittimus,</span> <span class='ocrx_word' id='word_1_204' title='bbox 910 4409 959 4457; x_wconf 91' lang='lat' dir='ltr'>ne</span> <span class='ocrx_word' id='word_1_205' title='bbox 969 4375 1176 4481; x_wconf 89' lang='lat' dir='ltr'>conscripta</span> <span class='ocrx_word' id='word_1_206' title='bbox 1188 4375 1322 4451; x_wconf 88' lang='lat' dir='ltr'>iterare</span> <span class='ocrx_word' id='word_1_207' title='bbox 1333 4374 1538 4450; x_wconf 87' lang='lat' dir='ltr'>videamur.</span> <span class='ocrx_word' id='word_1_208' title='bbox 1553 4376 1627 4451; x_wconf 93' lang='lat' dir='ltr'>Nos</span> <span class='ocrx_word' id='word_1_209' title='bbox 1638 4373 1789 4450; x_wconf 87' lang='lat' dir='ltr'>interim</span> 
     </span>
    </p>
   </div>
   <div class='ocr_carea' id='block_1_10' title="bbox 373 4508 958 4615">
    <p class='ocr_par' dir='ltr' id='par_1_10' title="bbox 373 4508 958 4615">
     <span class='ocr_line' id='line_1_27' title="bbox 373 4508 958 4615; baseline -0.003 -27"><span class='ocrx_word' id='word_1_210' title='bbox 373 4511 418 4588; x_wconf 91' lang='lat' dir='ltr'>ad</span> <span class='ocrx_word' id='word_1_211' title='bbox 441 4509 708 4615; x_wconf 87' lang='lat' dir='ltr'>subsequentia</span> <span class='ocrx_word' id='word_1_212' title='bbox 726 4508 958 4586; x_wconf 82' lang='lat' dir='ltr'>festinemus.</span> 
     </span>
    </p>
   </div>
   <div class='ocr_carea' id='block_1_11' title="bbox 369 4729 1787 4919">
    <p class='ocr_par' dir='ltr' id='par_1_11' title="bbox 369 4729 1787 4919">
     <span class='ocr_line' id='line_1_28' title="bbox 413 4729 1787 4816; baseline -0.005 -22"><span class='ocrx_word' id='word_1_213' title='bbox 413 4733 420 4762; x_wconf 91' lang='lat'>¹</span> <span class='ocrx_word' id='word_1_214' title='bbox 445 4733 577 4816; x_wconf 82' lang='lat' dir='ltr'>llegnare</span> <span class='ocrx_word' id='word_1_215' title='bbox 593 4732 680 4813; x_wconf 84' lang='lat' dir='ltr'>coepit</span> <span class='ocrx_word' id='word_1_216' title='bbox 699 4730 859 4793; x_wconf 82' lang='lat' dir='ltr'>Clodoveus</span> <span class='ocrx_word' id='word_1_217' title='bbox 883 4732 922 4791; x_wconf 95' lang='lat' dir='ltr'>lll</span> <span class='ocrx_word' id='word_1_218' title='bbox 943 4755 968 4792; x_wconf 87' lang='lat' dir='ltr'>a.</span> <span class='ocrx_word' id='word_1_219' title='bbox 987 4734 1043 4815; x_wconf 78' lang='lat'>691</span> <span class='ocrx_word' id='word_1_220' title='bbox 1105 4731 1234 4812; x_wconf 87' lang='lat' dir='ltr'>obiitque</span> <span class='ocrx_word' id='word_1_221' title='bbox 1250 4752 1276 4790; x_wconf 90' lang='lat' dir='ltr'>a.</span> <span class='ocrx_word' id='word_1_222' title='bbox 1293 4729 1368 4812; x_wconf 74' lang='lat'>695,</span> <span class='ocrx_word' id='word_1_223' title='bbox 1383 4749 1483 4789; x_wconf 85' lang='lat' dir='ltr'>rnense</span> <span class='ocrx_word' id='word_1_224' title='bbox 1499 4729 1616 4797; x_wconf 82' lang='lat' dir='ltr'>martio,</span> <span class='ocrx_word' id='word_1_225' title='bbox 1633 4729 1651 4786; x_wconf 86' lang='lat' dir='ltr'>i.</span> <span class='ocrx_word' id='word_1_226' title='bbox 1665 4750 1690 4788; x_wconf 91' lang='lat' dir='ltr'>e.</span> <span class='ocrx_word' id='word_1_227' title='bbox 1707 4731 1787 4809; x_wconf 84' lang='lat' dir='ltr'>regni</span> 
     </span>
     <span class='ocr_line' id='line_1_29' title="bbox 369 4831 1516 4919; baseline -0.01 -20"><span class='ocrx_word' id='word_1_228' title='bbox 369 4849 434 4919; x_wconf 87' lang='lat' dir='ltr'>post</span> <span class='ocrx_word' id='word_1_229' title='bbox 462 4847 586 4899; x_wconf 85' lang='lat' dir='ltr'>mortam</span> <span class='ocrx_word' id='word_1_230' title='bbox 610 4831 782 4897; x_wconf 67' lang='lat' dir='ltr'>Theoderici</span> <span class='ocrx_word' id='word_1_231' title='bbox 802 4832 856 4904; x_wconf 88' lang='lat' dir='ltr'>lll,</span> <span class='ocrx_word' id='word_1_232' title='bbox 875 4834 964 4917; x_wconf 82' lang='lat' dir='ltr'>patris</span> <span class='ocrx_word' id='word_1_233' title='bbox 986 4835 1047 4900; x_wconf 84' lang='lat' dir='ltr'>sui;</span> <span class='ocrx_word' id='word_1_234' title='bbox 1104 4834 1149 4892; x_wconf 89' lang='lat' dir='ltr'>sui</span> <span class='ocrx_word' id='word_1_235' title='bbox 1163 4854 1187 4893; x_wconf 85' lang='lat' dir='ltr'>a.</span> <span class='ocrx_word' id='word_1_236' title='bbox 1205 4852 1244 4903; x_wconf 80' lang='grc' dir='ltr'>ιν,</span> <span class='ocrx_word' id='word_1_237' title='bbox 1259 4831 1304 4893; x_wconf 86' lang='lat' dir='ltr'>vel</span> <span class='ocrx_word' id='word_1_238' title='bbox 1318 4831 1474 4893; x_wconf 77' lang='lat' dir='ltr'>ineuntes.</span> <span class='ocrx_word' id='word_1_239' title='bbox 1491 4851 1516 4889; x_wconf 84' lang='lat' dir='ltr'>v.</span> 
     </span>
    </p>
   </div>
   <div class='ocr_carea' id='block_1_12' title="bbox 0 0 2198 5850">
    <p class='ocr_par' dir='ltr' id='par_1_12' title="bbox 0 0 2198 5850">
     <span class='ocr_line' id='line_1_30' title="bbox 0 0 2198 5850; baseline 0 0"><span class='ocrx_word' id='word_1_240' title='bbox 0 0 2198 5850; x_wconf 95' lang='lat' dir='ltr'> </span> 
     </span>
    </p>
   </div>
  </div>
 </body>
</html>
