4478 5842
596 490 723 563 PARS
759 486 933 562 PRIMA.
954 532 1002 544 -
1023 484 1266 579 FOLQUINI
1296 486 1387 584 [9¹ss-
1417 489 1466 560 ll.
1670 486 1735 559 151

318 649 468 720 testate,
498 634 538 708 in
567 632 739 709 ecclesias
758 648 824 710 aut
845 649 987 708 ceteras
1007 631 1260 736 possessiones
1282 632 1481 707 memorati
1501 631 1717 707 monasterii
1732 694 1762 719 ,.

318 790 410 870 quas
435 788 538 840 nunc
560 765 746 870 possidet,
772 762 828 839 vel
854 786 931 869 que
951 763 1128 868 deinceps
1153 754 1315 838 voluerit
1337 761 1461 837 dirim
1486 768 1652 867 potestas
1675 784 1741 835 au⁴

190 882 198 902 ⁸
316 895 410 996 geri,
441 895 488 970 ad
517 920 643 971 causas
668 894 865 1000 juditiario
890 918 996 969 more
1025 892 1254 980 audiendas,
1284 892 1343 968 vel
1371 891 1475 968 freda
1503 908 1569 968 aut
1597 889 1742 968 bannos

317 1024 535 1130 exigendos,
561 1040 628 1100 aut
654 1024 870 1100 mansiones
892 1023 949 1098 vel
979 1039 1122 1127 paratas
1137 1022 1353 1110 iaciendas,
1383 1039 1446 1097 aut
1471 1021 1645 1098 foderum
1668 1021 1742 1097 exiu

316 1153 501 1261 gendum,
524 1170 591 1230 aut
611 1155 856 1259 fidejussores
871 1154 1079 1239 tollendos,
1108 1169 1173 1228 aut
1192 1151 1366 1228 homines
1386 1153 1504 1257 ipsius
1522 1152 1743 1228 monasterii

317 1267 611 1391 distringendos,
634 1308 704 1359 nec
729 1282 826 1359 ullas
849 1282 1096 1358 redibitiones
1123 1294 1187 1356 aut
1207 1280 1356 1357 illicitas
1380 1282 1593 1359 occasiones
1612 1283 1739 1387 requi·

315 1414 468 1501 rendae,
488 1414 570 1490 ullo
590 1440 757 1519 unquam
773 1431 945 1519 tempore
966 1413 1111 1518 ingredi
1132 1413 1288 1502 audeat,
1309 1413 1365 1488 rel
1383 1440 1426 1489 ea
1442 1436 1517 1519 que
1531 1430 1738 1489 memorata

315 1561 403 1620 sunt
415 1544 565 1649 penitus
579 1561 744 1620 exactare
761 1558 969 1647 presumat,
987 1543 1051 1617 sed
1071 1542 1181 1618 liceat
1196 1559 1406 1618 memoratu
1421 1541 1546 1618 abbati
1562 1541 1749 1648 Arnulfo,

314 1674 465 1778 suisque
475 1672 769 1758 successoribus,
784 1700 845 1748 res
856 1671 1014 1777 predicti
1029 1672 1266 1759 monasterii,
1282 1694 1368 1748 cunt
1380 1672 1559 1748 omnibus
1570 1671 1685 1750 fredis
1700 1690 1738 1749 et

314 1803 447 1881 bannis
462 1804 537 1878 sive
556 1803 759 1893 concessis,
778 1801 849 1878 sub
864 1818 990 1878 nostra
1006 1801 1366 1907 defensionequieto
1382 1803 1515 1887 ordine
1525 1802 1735 1908 possidere;
1795 1826 1798 1833 ·

313 1935 490 2040 quatinus
509 1935 610 2040 ipsos
631 1958 756 2010 servos
775 1933 864 2025 Dei,
885 1958 954 2039 pro
971 1931 1081 2009 nobis
1104 1961 1144 2007 ac
1168 1960 1237 2036 pro
1261 1932 1461 2010 stabilitate
1487 1933 1605 2011 totius
1629 1928 1734 2041 regni

313 2067 432 2140 nostri
448 2095 468 2141 a
482 2067 563 2142 Deo
575 2062 685 2142 nobis
700 2065 884 2155 concessi,
897 2063 1039 2170 jugiter
1050 2062 1120 2139 Dei
1134 2063 1430 2141 misericordiam
1444 2086 1597 2144 exorare
1612 2068 1736 2144 neree

311 2211 376 2269 tet.
400 2196 448 2271 Et
466 2212 510 2272 ut
528 2196 600 2272 bec
619 2196 818 2271 auctoritas
837 2195 975 2271 nostris
1000 2193 1213 2299 fiaturisque
1230 2193 1483 2298 temporibus,
1506 2190 1588 2272 Deo
1610 2215 1736 2301 prote·

310 2343 437 2431 gente,
457 2327 575 2403 valeat
593 2324 810 2404 inconvulsa
824 2349 1065 2432 permanere,
1083 2348 1198 2401 manu
1213 2326 1363 2432 propria
1383 2346 1464 2403 earn
1484 2325 1730 2417 firmavimus,

312 2472 349 2530 et
364 2457 496 2535 annuli-
507 2459 630 2535 nostri
648 2458 894 2564 impressione
915 2456 1092 2564 assignari
1106 2455 1301 2560 jussimus.

367 2587 528 2665 «Actum
554 2612 617 2664 vn.
643 2588 730 2664 idus
748 2587 931 2693 januarii,
954 2601 1135 2693 regnante
1151 2586 1293 2663 domno
1311 2584 1507 2677 Lothario,
1527 2606 1728 2695 agnouit,

309 2715 513 2794 indictione
531 2744 578 2795 vr.

366 2847 528 2922 naccum
549 2849 722 2925 Leuduni
738 2849 907 2926 feliciter.
924 2889 936 2916 a

364 2976 425 3052 Sic
445 2978 633 3085 signatum
649 2979 805 3056 inferius
823 3012 832 3055 τ

363 3105 550 3215 «Signum
574 3110 768 3198 Lornasu,
791 3109 1051 3219 gloriosissimi
1073 3113 1302 3188 Francorum
1322 3113 1430 3219 regis.

365 3235 520 3327 «Orac,
536 3237 795 3329 cancellarius,
815 3240 1040 3348 recognovit.
1058 3278 1070 3308 ·
1206 3332 1230 3417 Ι

359 3479 564 3587 Annopost
577 3485 649 3559 hoc
663 3510 715 3573 V„
728 3485 878 3591 signum
892 3485 1027 3574 crucis,
1046 3487 1172 3562 nescio
1187 3514 1261 3590 qua
1277 3510 1386 3563 musa
1399 3487 1587 3592 exigente,
1602 3484 1730 3563 subite

211 3659 214 3666 -
304 3610 341 3684 in
364 3613 596 3689 vestimentis
612 3615 832 3722 insignitum
854 3613 1053 3693 videbatur
1067 3602 1255 3692 bumanis.
1277 3617 1364 3691 Erat
1386 3633 1512 3694 autem
1530 3617 1636 3694 color
1653 3617 1725 3695 acsi

301 3765 345 3814 ex
368 3741 495 3847 aliquo
517 3744 759 3849 pinguedinis
780 3743 929 3850 liquore
948 3746 1077 3836 vestis,
1103 3747 1142 3823 in
1162 3775 1236 3852 qua
1253 3747 1471 3853 apparebat,
1488 3778 1556 3854 per
1570 3748 1668 3836 loca,
1686 3748 1726 3823 in

301 3872 421 3945 crucis
436 3874 596 3950 modum
609 3848 800 3949 videretair
815 3852 950 3951 iniecta
965 3912 975 3966 3
993 3879 1058 3953 sed
1073 3906 1150 3954 non
1172 3896 1251 3954 erat
1266 3888 1374 3954 nosse
1394 3908 1438 3954 ex
1452 3907 1526 3985 qua
1542 3879 1728 3956 acciderat
1746 3924 1749 3930 ·

301 4028 420 4076 causa.
449 4003 556 4078 Unde
583 4004 753 4079 timentis
770 4005 936 4109 regionis
957 4006 1071 4110 hujus
1101 4008 1249 4112 populi,
1278 4037 1325 4084 ne
1349 4009 1504 4113 aliquod
1532 4009 1725 4119 flagellum

299 4157 413 4234 super
430 4158 494 4206 eos
510 4131 727 4207 immineret
744 4133 876 4209 irritati
895 4133 1072 4224 Domini,
1095 4137 1143 4211 ad
1162 4137 1341 4257 ogationis
1361 4138 1530 4216 studium
1550 4141 1725 4245 frequen-

298 4258 374 4336 tius
395 4278 612 4352 accurrunt,
633 4258 851 4370 templaque
868 4258 1116 4370 requietionis
1136 4288 1373 4345 summorum
1389 4287 1637 4376 patronorum
1648 4263 1726 4349 slu-

300 4386 446 4466 domari
460 4408 579 4497 atque
597 4389 739 4470 Bertini
756 4386 897 4471 exeniis
917 4392 1066 4507 quibus·
1076 4406 1250 4502 poterant
1265 4388 1485 4476 invisebant.
1508 4392 1726 4480 Voiciridus

299 4519 424 4608 etiam,
436 4522 645 4600 Taruennae
658 4521 814 4602 civitatis
825 4522 1040 4633 episcopus,
1052 4527 1170 4605 tetius
1180 4526 1360 4635 episcopii
1371 4531 1429 4607 sui
1440 4520 1640 4638 populum,
1652 4524 1724 4610 sub

298 4649 367 4728 bac
391 4668 613 4758 tempestate
639 4650 812 4733 obnixius
831 4656 1041 4736 Dominum
1068 4661 1375 4767 deprecaturum,
1399 4650 1446 4738 ad
1466 4651 1592 4740 Sitbiu
1611 4664 1725 4770 jussit

297 4781 496 4861 adventare
510 4785 796 4864 monasterium.
809 4787 929 4892 igitur
945 4815 991 4865 ιι.
1004 4789 1179 4870 lalendaa
1195 4789 1391 4884 februarii,
1405 4810 1545 4870 statute
1555 4793 1723 4900 jejunio,
