4478 5842
325 455 398 528 2110
628 542 636 551 ,
671 458 1082 532 cunarummuu
1111 457 1398 534 sumansu.

324 595 469 703 aliquot
485 596 693 676 honorilice
713 600 868 705 sepulti,
891 629 1037 677 necnon
1060 617 1097 675 et
1112 617 1387 676 antecessorum
1411 627 1583 688 suorum,
1607 598 1749 677 elemo-

259 734 263 742 '
324 727 442 801 sinam
465 732 673 834 quandam,
708 731 927 807 comitatum
954 730 1129 808 videlicet
1153 731 1327 807 omnirun
1350 748 1535 842 terrarum
1557 747 1594 815 et
1619 731 1749 837 hospi-

324 875 423 948 tum,
453 891 547 965 quos
569 862 700 938 eadem
727 861 880 938 ecclesia
903 862 942 937 in
970 862 1174 938 castellaria
1197 862 1449 971 Broburgensi
1469 863 1551 968 ipso
1576 881 1747 969 tempore

324 991 553 1093 possidebat,
572 993 690 1068 libere
717 992 900 1084 dedisset3
923 993 1177 1081 Theinardus,
1203 992 1480 1099 Broburgensitt
1500 992 1745 1083 castellanus,

326 1139 501 1224 reputans
519 1152 575 1212 se,
599 1154 641 1197 ex
653 1125 723 1200 hac
738 1124 885 1200 comitis
902 1125 1122 1214 donatione,
1142 1126 1348 1230 dampnum
1367 1125 1576 1213 incurrere,
1591 1141 1628 1199 et
1642 1124 1747 1230 quasi

321 1250 488 1353 justicias
508 1282 606 1341 suas,
629 1284 722 1359 quas
739 1255 778 1329 in
789 1253 940 1360 prelatis
954 1255 1149 1361 judicibus
1159 1255 1377 1362 judicandis
1393 1255 1563 1339 obtinere
1586 1253 1745 1346 solebat,

327 1381 364 1454 in
384 1382 554 1458 futurum
579 1385 764 1475 amittere,
788 1413 874 1488 egre
899 1384 1235 1476 admodumtulit,
1263 1403 1300 1461 et
1322 1402 1450 1461 contra
1472 1384 1642 1492 ejusdem
1669 1413 1749 1462 mo-

326 1513 474 1588 nasterii
498 1514 689 1604 abbatem,
708 1515 892 1589 domnum
911 1514 1086 1590 videlicet
1105 1514 1367 1604 Lambertum,
1385 1545 1512 1622 graves
1528 1514 1747 1621 aliquandiu

324 1642 538 1719 inimicitias
549 1645 725 1720 exercuit.
737 1645 818 1720 Deo
833 1661 976 1733 autem,
994 1645 1168 1722 omnium
1185 1662 1337 1721 auctore
1352 1646 1563 1735 bonorum,
1586 1675 1652 1722 sue
1665 1647 1746 1751 paci

323 1773 477 1849 ecclesie
498 1775 739 1879 providente,
761 1774 1006 1880 interipsum
1031 1776 1206 1852 abbatem
1229 1792 1267 1852 et
1287 1774 1549 1863 castellanum,
1574 1805 1643 1880 per
1669 1805 1750 1853 cre-

322 1903 407 1981 bras
420 1923 565 1982 nostras
580 1924 874 2011 nostrorumque
892 1906 1190 1994 admonitiones,
1209 1906 1409 1983 concordie
1428 1906 1611 1982 unionem
1632 1906 1749 2009 relpr·

323 2036 522 2127 mavimus,
546 2060 685 2144 eosque
715 2038 753 2113 in
779 2054 902 2114 sancte
935 2038 1065 2113 osculo
1095 2038 1211 2142 pacis,
1240 2038 1324 2142 ipso
1347 2065 1424 2142 quo
1453 2035 1590 2125 dicturi
1617 2066 1749 2118 sumus

323 2168 456 2257 mode,
472 2168 767 2276 conjuncximus.
783 2167 899 2246 Nobis
918 2197 1082 2273 namque
1104 2169 1207 2260 Acie,
1226 2198 1301 2243 una
1323 2197 1409 2244 cum
1426 2167 1570 2244 clericis
1589 2171 1746 2260 nostris,

324 2300 555 2390 constitutis,
583 2299 770 2404 sepefatus
797 2297 1020 2375 castellanus
1045 2298 1224 2405 quitquid
1245 2299 1343 2406 juris
1377 2298 1516 2375 habere
1543 2300 1583 2374 iu
1613 2300 1746 2415 eodem

324 2427 504 2504 comitatu
515 2429 722 2516 videbatur,
739 2432 779 2504 in
792 2456 950 2504 manum
966 2428 1218 2532 prenominati
1237 2429 1400 2517 comitis,
1416 2428 1527 2504 nobis
1537 2429 1747 2535 multisque

245 2561 246 2564 '
323 2559 404 2635 aliis
424 2561 680 2650 intuentibus,
703 2580 834 2668 sponte
856 2561 1041 2652 reddidit,
1073 2579 1110 2637 et
1128 2580 1172 2638 ut
1196 2560 1350 2638 ecclesia
1371 2560 1409 2634 in
1431 2559 1600 2635 futurum
1627 2558 1747 2636 libere

324 2708 360 2765 et
373 2692 501 2796 quiete
517 2694 743 2799 possideret,
761 2693 955 2770 concessit.
973 2692 1112 2770 Comes
1125 2709 1253 2768 autem
1270 2691 1443 2770 eamdem
1458 2720 1571 2797 qnam
1584 2690 1687 2797 prius
1702 2689 1755 2767 le.

323 2839 422 2896 cerat
455 2823 609 2899 ecclesie
642 2824 906 2913 donationem,
934 2840 977 2899 ut
1007 2825 1124 2930 magis
1148 2823 1352 2900 haberetur
1378 2840 1471 2910 rata,
1503 2851 1570 2926 per
1594 2850 1748 2897 manum

323 2968 487 3026 nostram
503 2951 628 3027 abbati
646 2944 773 3028 denuo
791 2954 1045 3042 confirmavit3
1072 2972 1125 3041 et,
1146 2971 1189 3029 ut
1216 2955 1255 3028 in
1274 2953 1453 3058 predictis
1474 2953 1584 3029 terris
1606 2969 1642 3028 et
1664 2951 1750 3027 hos·

322 3079 464 3183 pitibus
489 3080 628 3162 nullus,
647 3081 844 3186 deinceps,
874 3082 1008 3157 abbate
1037 3100 1074 3158 et
1102 3084 1182 3187 ejus
1211 3084 1393 3159 ministris
1425 3083 1603 3186 exceptis,
1636 3110 1749 3186 super

322 3208 492 3313 ejusdem
514 3210 713 3286 comitatus
731 3211 972 3287 concessione
1000 3210 1166 3316 aliquam
1188 3228 1410 3316 potestatem
1440 3228 1626 3296 exerceat,
1646 3240 1751 3288 sanc-

320 3340 412 3416 tivit.
428 3341 600 3417 Decrevit
614 3341 731 3417 eciam
745 3358 789 3418 ut
806 3341 920 3418 abbas
932 3341 1081 3447 judices
1097 3341 1286 3447 proprios,
1309 3341 1374 3446 qui
1390 3340 1592 3448 vulgariter
1607 3340 1749 3416 scabini

322 3489 511 3561 vocantur,
534 3472 676 3548 ibidem
695 3473 848 3562 habeat,
873 3501 1040 3580 quorum
1060 3472 1206 3580 judicio
1229 3501 1303 3578 que
1323 3472 1466 3579 agenda
1490 3470 1633 3547 luerint
1653 3490 1747 3579 agat.
1793 3517 1797 3522 v

320 3590 387 3678 His'
402 3604 612 3679 omnibusa
634 3604 771 3680 comite
788 3622 825 3682 et
840 3604 1062 3696 castellano,
1086 3631 1213 3680 coram
1230 3602 1362 3680 multis
1379 3602 1554 3693 testibus,
1575 3604 1745 3708 patratis,

320 3732 448 3838 plures
482 3734 606 3810 adhuc
633 3734 672 3808 in
700 3734 850 3838 porticu
875 3734 1012 3811 domus
1045 3733 1185 3840 ipsius,
1215 3733 1358 3809 domno
1385 3733 1521 3810 Carolo
1551 3751 1746 3839 presente,

319 3880 433 3941 testes
458 3863 719 3940 adhibuimus.
743 3865 918 3956 Quorum
941 3870 980 3940 in
1003 3865 1212 3955 audientia,
1241 3893 1328 3941 cum
1351 3863 1591 3942 Theinardus
1622 3866 1749 3942 omnia

319 4022 394 4099 que
409 3993 542 4098 prelati
561 4022 707 4084 sumus,
726 4011 899 4099 presente
918 3993 1000 4071 filio
1018 4023 1088 4072 suo
1106 3994 1285 4089 Henrico,
1303 3995 1593 4102 recognovisset,
1614 4011 1650 4070 et
1663 4023 1749 4100 pre-

320 4126 448 4201 sertim
470 4143 513 4202 ut
528 4126 574 4202 de
590 4124 861 4231 presbiteriset
876 4126 1065 4217 cantariis,
1085 4127 1133 4202 ad
1150 4126 1325 4204 abbatem
1342 4125 1631 4229 pertinentibus,
1650 4124 1749 4203 ulte·

319 4252 398 4332 rius
418 4287 506 4333 eum
532 4286 610 4333 non
634 4257 876 4363 inquietaret,
908 4257 1167 4346 concessisset,
1190 4257 1296 4365 quod
1324 4256 1596 4345 Gislebertum,
1624 4254 1748 4333 filium
1795 4313 1798 4315 >

319 4415 450 4478 suum,
472 4388 520 4463 ad
542 4388 668 4492 ipsum
692 4390 899 4466 concedere
924 4387 1061 4465 laceret
1085 4387 1369 4494 promisit.'Nos
1393 4415 1498 4496 crgo,
1524 4416 1566 4463 ex
1592 4385 1749 4465 consilio
1790 4475 1793 4482 ¹

320 4515 487 4593 virorum
507 4516 776 4622 prudentium,
802 4518 843 4595 in'
868 4548 1002 4596 omnes
1020 4519 1086 4625 qui
1112 4516 1358 4596 ecclesiastice
1379 4517 1627 4622 possessionis
1652 4516 1749 4595 hanc

320 4639 535 4737 libertatem
561 4648 725 4725 scienter
750 4650 789 4725 in
810 4669 1004 4756 posterum
1025 4648 1252 4758 infringere,
1273 4647 1414 4725 violare
1435 4666 1501 4726 aut
1519 4648 1748 4726 imminuere

319 4758 1046 4887 temptaverint,‚excommunicationem
1067 4780 1301 4858 dictavimus.
1323 4779 1460 4858 Actum
1476 4797 1533 4857 est
1546 4779 1620 4858 hoe
1638 4776 1745 4869 Arte,
