4478 5842
335 494 409 567 298
683 490 1091 566 CHARTULARIUM
1121 487 1403 563 SITHOENSF.

333 639 426 715 Nam
442 636 483 713 in
499 635 739 744 dungionum
753 634 861 712 fossis
876 632 1106 712 abundantia
1120 630 1313 739 sanguinis
1324 656 1516 720 emmaus,
1534 644 1573 705 at
1590 626 1758 734 apleris-

334 796 408 876 que
436 768 633 859 decoctus,
664 766 948 845 intoierabilem
977 764 1138 843 fetorem
1171 763 1221 840 de
1253 788 1294 841 se
1318 761 1509 851 reddidit,
1534 758 1756 868 sanguinem

334 899 398 1006 qni
426 898 567 977 effusus
591 914 647 976 est
671 895 710 974 in
736 914 858 975 morte
880 895 1026 985 Caroli,
1043 895 1101 973 v‘el
1119 894 1161 971 in
1183 890 1302 1000 ipsius
1322 893 1486 985 ultione,
1510 890 1753 999 pretendens,

335 1046 373 1105 et
391 1028 549 1104 fetorem
576 1027 801 1135 proditionis
823 1055 1102 1134 quaquaversus
1121 1024 1345 1135 expandens.

987 1300 1095 1377 clv.
1221 1280 1236 1323 ¹

538 1485 574 1523 DE
597 1483 722 1524 ULTIONE
744 1482 876 1524 sanorem
898 1481 1032 1530 coums,
1055 1482 1092 1523 Η·
1113 1480 1181 1525 stus
1201 1480 1374 1525 SUCCRSORB
1396 1480 1554 1524 Wlmfflo.

398 1660 485 1752 Quo
515 1656 657 1749 occiso,
693 1658 903 1765 Ludopicus
917 1655 1108 1748 Grossus,
1138 1657 1368 1751 Francorum
1395 1683 1479 1744 rex,
1516 1655 1556 1731 in
1582 1654 1757 1734 Flandria
1879 1742 1883 1749 ,

335 1789 455 1880 venit,
481 1805 535 1879 et,
564 1788 652 1866 licet
671 1817 757 1864 cum
783 1786 1025 1880 difficultate,
1047 1814 1301 1867 successorem
1322 1784 1464 1877 Caroli,
1490 1784 1752 1876 Willelmum,

335 1917 457 1995 [ilium
470 1918 641 2006 Roberti,
656 1917 805 1997 comitis
819 1921 1143 2010 Normannorum,
1159 1946 1274 2027 quem
1289 1917 1473 1996 Henricus
1486 1944 1551 1993 rex
1564 1934 1656 1993 tunc
1670 1943 1756 2021 cap-

333 2068 418 2127 tum
444 2048 584 2140 tenuit,
612 2049 784 2125 Fiandris
807 2049 1020 2155 preposuit,
1048 2065 1087 2127 et
1113 2048 1239 2127 Caroli
1263 2047 1479 2154 proditores
1502 2045 1656 2124 dirersis
1678 2063 1755 2123 tor-

335 2197 549 2258 mentorum
562 2180 781 2287 generibus,
798 2197 841 2257 ut
856 2180 1014 2287 dignum
1030 2197 1125 2267 erat,
1137 2179 1341 2257 interemit.
1356 2179 1525 2257 Demum
1537 2194 1595 2255 tot
1609 2175 1753 2266 clades,

333 2329 392 2390 tot
411 2312 603 2399 incendia,
625 2327 683 2389 tot
699 2310 821 2401 bella,
844 2326 901 2387 tot
919 2306 1222 2415 perturbationes
1240 2307 1416 2386 adversus
1434 2306 1677 2386 Willelmum
1697 2308 1756 2383 in-

335 2459 512 2549 surgunt,
538 2456 671 2547 totque
697 2441 805 2519 malis
825 2439 1000 2518 Flandria
1025 2439 1198 2530 afficitur,
1224 2456 1269 2516 ut
1294 2438 1422 2516 todoat
1447 2437 1521 2515 dici
1539 2436 1597 2514 vel
1620 2437 1753 2525 scribi,

334 2572 596 2680 quantomagis
619 2573 708 2679 pati.

1002 2767 1084 2842 CV.

571 2951 715 3003 crimme
736 2952 907 2996 wrmsruus
930 2953 968 2993 ur
988 2951 1063 2993 maa
1084 2929 1247 2994 inumeris
1270 2950 1307 2992 io
1327 2948 1508 2993 cumrerum

389 3104 610 3185 Willelmus
631 3104 677 3181 de
703 3106 776 3195 Lo,
809 3134 853 3215 px
879 3104 1087 3183 concubina
1116 3104 1218 3184 filius
1246 3105 1427 3213 Philippi,
1455 3104 1578 3184 framis
1598 3104 1752 3184 Roberti

329 3237 510 3344 junioris,
534 3235 710 3314 Flandrie
734 3235 899 3327 comitis,
927 3234 1140 3313 elevabatur
1165 3237 1325 3313 dicens:
1358 3237 1435 3342 Epo
1467 3239 1627 3343 reprobo.
1654 3236 1750 3329 Qui,

274 3394 284 3421 ⁸
334 3368 533 3445 maximam
553 3383 697 3474 partem
710 3363 842 3472 populi
855 3365 1162 3457 sibi'concilians,
1185 3368 1351 3472 quadam
1371 3384 1567 3446 castrasue
1580 3365 1755 3459 subdidit

335 3496 482 3574 ditioni.
505 3497 592 3590 Quo
614 3495 780 3604 cognito,
801 3524 865 3573 rex
884 3525 970 3573 cum
986 3494 1185 3575 Willelmo
1203 3496 1339 3572 comite
1352 3495 1460 3602 Ypris
1476 3494 1621 3574 obviam
1634 3495 1750 3587 vadit,

335 3655 500 3734 eumque
516 3645 665 3732 captum
679 3627 830 3703 vinculo
847 3644 885 3703 et
897 3626 1045 3717 carceri,
1062 3655 1129 3732 per
1141 3626 1419 3733 aliquantulum
1435 3626 1631 3733 temporis,
1646 3654 1752 3702 man·
1815 3647 1818 3651 ’

335 3757 477 3863 cipavit.
499 3759 576 3834 Sed
594 3772 722 3863 postea
736 3756 787 3841 ei,
805 3785 914 3861 prece
935 3784 1106 3845 suorum,
1124 3755 1216 3834 falso
1235 3758 1513 3851 reconciliatus,
1536 3755 1637 3832 idem
1652 3756 1752 3836 Wil-

295 3936 300 3945 -
336 3888 473 3965 lelrnus
494 3887 542 3964 de
561 3891 614 3964 Lo
631 3887 759 3965 comiti
775 3905 1047 3965 sacramentum
1061 3887 1254 3967 fidelitatis
1271 3888 1377 3981 fecit,
1398 3889 1500 3995 quod
1514 3887 1573 3963 vix
1592 3915 1670 3963 uno
1692 3886 1752 3964 die

335 4035 499 4096 servavit.

998 4200 1105 4278 cvl.

894 4383 933 4423 ΒΕ
954 4381 1087 4425 nimiam
1108 4382 1194 4425 MNO.

392 4538 588 4617 Suscitavit
618 4540 742 4618 adhuc
768 4542 802 4618 ei
828 4541 1010 4620 Sathanas
1034 4560 1072 4620 et
1096 4542 1213 4620 alium
1236 4540 1508 4634 adversarium,
1534 4542 1746 4620 Arnoldum

335 4668 490 4761 scilicet,
520 4685 697 4777 nepotem
720 4669 845 4749 Caroli
874 4670 1042 4750 defuncti
1068 4700 1111 4749 ex
1131 4686 1259 4750 sorore
1285 4674 1365 4782 ejus
1391 4674 1651 4784 primogenita.
1679 4672 1749 4751 Di·
1813 4660 1819 4675 ⁶

335 4802 440 4880 cebat
456 4801 610 4880 enimse
625 4829 704 4879 esse
714 4802 802 4910 jure
817 4803 1106 4910 propinquitatis
1120 4804 1225 4911 regni
1244 4805 1436 4915 heredem
1451 4805 1543 4900 Qui,
1560 4804 1607 4884 ab
1623 4804 1750 4882 Audo-
