4478 5842
338 475 411 547 ssu
446 443 448 447 ’
683 478 1090 552 cun-urommnu
1119 436 1403 553 sumussic.

252 620 254 625 ’
336 611 576 717 dignoscitur,
596 614 701 692 vobis
721 634 759 693 et
769 647 836 722 per
849 647 913 698 vos
930 619 1054 696 eidem
1075 620 1304 696 monasterio·
1317 619 1535 696 auctoritate
1552 619 1752 724 apostolica

335 741 620 837 confirmamus,
637 765 673 823 et
692 749 875 852 presentis
895 750 1023 855 scripti
1038 750 1244 854 patrocinio
1266 749 1568 826 communimus:
1587 764 1751 824 statuen-

333 888 389 947 tes
407 888 451 948 ut
466 874 562 951 nulli
583 864 744 987 omnino
757 878 957 953 bominum
975 878 1085 954 liceat
1104 879 1200 955 hanc
1215 880 1388 988 paginam
1405 879 1751 967 nostreconfirma·

333 1001 447 1077 tionis
466 1000 667 1110 infringere
686 1004 744 1081 vel
768 1007 801 1081 ei
822 1006 1058 1112 aliquatenus
1078 1009 1273 1085 contraire.
1296 1009 1335 1086 Si
1357 1009 1440 1114 quis
1460 1027 1585 1085 autem
1607 1007 1678 1084 boc
1697 1025 1751 1083 at-

208 1162 211 1169 ·
333 1148 515 1235 temptare
524 1136 810 1239 presumpserit,
827 1137 1125 1244 indignationem
1138 1137 1406 1242 omnipotentis
1420 1138 1489 1213 Dei
1503 1155 1540 1214 et
1555 1137 1748 1214 beatorum

333 1262 433 1338 Petri
453 1280 491 1339 et
510 1265 630 1356 Pauli,
653 1266 909 1372 apostolorum
929 1268 1028 1376 ejus,
1050 1297 1089 1344 se
1110 1269 1256 1347 noverit
1270 1268 1524 1346 incursurum.
1567 1324 1570 1328 -

390 1394 555 1473 «Datum
575 1396 760 1503 Anagnis,
783 1416 912 1475 octavo
931 1399 1019 1475 idus
1037 1399 1203 1475 martii.»

913 1769 916 1773 ,
940 1669 1138 1744 xxxlv.

635 1851 672 1890 DE
694 1849 866 1892 PlllVleGlls
887 1846 968 1890 turn
991 1849 1103 1898 ΤΕΙΩΠ,
1128 1847 1238 1891 llOllAltl
1262 1849 1430 1892 Porttlrtcts.

385 2040 482 2146 Papa
502 2037 712 2124 Alexandro
732 2036 928 2125 defuncto,
949 2037 1116 2115 succedit
1130 2038 1164 2114 ei
1186 2036 1335 2137 Lutius‚
1355 2064 1375 2113 a
1392 2063 1468 2141 quo
1488 2035 1603 2113 abbas
1622 2057 1751 2115 noster

329 2170 462 2247 Simon
489 2168 597 2275 plura
624 2168 766 2274 accepit
792 2166 1006 2275 privilegiu
1035 2169 1233 2274 interque
1263 2196 1385 2243 unum
1410 2167 1587 2256 narrabo,
1609 2168 1749 2246 scilicet

328 2300 436 2406 quod
450 2328 652 2406 possumus
669 2300 709 2377 in
726 2298 836 2379 metis
851 2299 1131 2405 parrochiarum
1149 2290 1261 2406 hujus
1282 2297 1438 2377 ecclesie
1452 2297 1648 2379 instituere
1668 2326 1750 2376 sco·

328 2432 382 2508 las
394 2450 432 2510 et
446 2429 618 2519 clericos,
633 2431 700 2539 qui
714 2431 929 2539 gubernent
943 2461 1016 2511 eas.
1036 2431 1156 2539 Cujus
1171 2429 1353 2536 privilegii
1365 2447 1478 2545 ¹tenor
1491 2429 1576 2509 talis
1595 2447 1661 2508 est.

956 2725 1126 2799 XXXV.

955 2926 1116 2967 Exctlruttt.

383 3124 395 3152 «
410 3086 556 3169 Lutius‚
568 3086 775 3189 episcopus,
788 3113 915 3161 servus
927 3112 1118 3163 servorum
1128 3087 1210 3176 Dei,
1222 3086 1368 3165 dilectis
1379 3084 1468 3163 filiis
1480 3082 1603 3163 abbati
1617 3099 1654 3158 et
1664 3094 1746 3158 con-

323 3215 451 3291 ventui
468 3214 582 3292 sancti
597 3213 756 3301 Bertini,
778 3212 991 3290 salutemet
1009 3214 1250 3319 apostolicam
1268 3216 1586 3292 benedictionem.
1605 3213 1701 3290 Cum
1725 3239 1744 3286 a

323 3346 412 3422 sede
433 3345 635 3453 apostolica
653 3361 836 3451 petuntur
857 3372 898 3419 ea
920 3373 994 3450 que
1017 3375 1037 3419 a
1061 3344 1215 3422 rationis
1234 3346 1383 3422 tramite
1411 3374 1488 3420 non
1509 3343 1743 3429 discordant,

323 3476 468 3555 facilem
499 3505 568 3554 nos
591 3476 764 3553 convenit
788 3476 946 3583 prebere
971 3502 1216 3564 consensum,
1247 3492 1284 3552 et
1299 3475 1400 3584 justa
1423 3492 1507 3551 vota
1534 3473 1744 3581 petentium

323 3606 458 3684 effectu
479 3622 729 3712 prosequente
754 3601 961 3711 complere,
987 3623 1030 3682 ut
1056 3623 1093 3683 et
1115 3605 1325 3683 devotionis
1358 3605 1550 3683 sinceritas
1574 3601 1746 3680 laudabi-

322 3737 409 3815 liter
430 3736 624 3826 enitescat,
644 3753 682 3812 et
702 3735 841 3812 utilitas
860 3737 1047 3841 postulata
1071 3737 1166 3812 vires
1186 3728 1446 3814 indubitanter
1469 3751 1642 3812 assumat.
1673 3734 1744 3809 Ea-

322 3885 493 3975 propter,
515 3865 642 3944 dilecti
666 3866 706 3942 in
726 3866 891 3944 Domino
909 3867 996 3958 lilii,
1018 3867 1150 3943 vestris
1163 3868 1278 3976 justis
1297 3864 1616 3974 postulationibus
1639 3878 1743 3970 grato

322 4016 588 4077 concurrentes
608 4026 777 4090 assensu,
798 3999 1038 4105 presentibus
1061 3998 1167 4076 vobis
1194 3996 1330 4076 litteris
1350 3997 1569 4075 auctoritate
1595 4011 1744 4101 aposto-

320 4129 391 4207 lica
408 4128 669 4236 indulgemus,
691 4145 736 4205 ut
754 4128 861 4206 vobis
879 4130 919 4206 in
945 4129 1124 4207 omnibus
1140 4130 1347 4235 parrochiis
1359 4131 1489 4206 vestris
1506 4127 1619 4219 liceat
1638 4122 1745 4201 eleri-

321 4288 383 4337 cos
407 4261 621 4347 instituere,
644 4260 730 4365 qui,
763 4288 915 4337 assensu
948 4278 985 4337 et
1012 4260 1163 4366 propria
1187 4261 1378 4338 voluntate
1409 4277 1559 4346 vestra,
1572 4257 1742 4366 regimen

320 4391 504 4468 scolarum
524 4391 741 4480 obtineant3
766 4408 804 4467 et
821 4391 892 4467 bec
910 4390 1018 4466 firma
1041 4409 1079 4468 et
1098 4390 1241 4468 illibata
1264 4391 1503 4468 decemimus
1523 4389 1628 4468 omni
1647 4405 1745 4466 tem·

318 4549 408 4628 pore
424 4548 669 4627 permanere:
692 4537 897 4598 statuentes
917 4537 961 4599 ut
985 4521 1081 4598 nulli
1105 4521 1262 4600 omnino
1286 4520 1622 4600 hominumliceat
1647 4521 1744 4596 hanc

317 4653 489 4762 paginam
510 4667 636 4727 nostre
658 4652 909 4730 concessionis
923 4650 1144 4759 infringere,
1165 4652 1224 4728 vel
1240 4652 1275 4728 ei
1288 4652 1527 4760 aliquatenus
1542 4650 1740 4729 contraire.

318 4786 357 4863 Si
377 4785 463 4894 quis
482 4800 608 4861 autem
624 4784 697 4861 boc
714 4801 934 4890 attemptare
947 4783 1236 4889 presumpserit,
1252 4784 1553 4894 indignationem
1568 4785 1742 4889 omnipo·
