4478 5842
496 499 631 572 PARS
666 496 910 570 SECUNDA.
931 496 1211 569 -SlMONIS
1238 497 1331 570 ΜΒ.
1361 501 1408 571 lI.
1593 497 1668 569 287

253 643 330 718 fine
358 639 660 747 uniuscujusque
681 624 857 714 uersiculi
886 636 1040 714 sublimi
1066 666 1153 714 voce
1185 636 1424 745 adjicientes,
1447 656 1565 716 sancte
1590 640 1672 715 Ber-

254 777 339 862 tiae,
363 773 458 878 lytt'e
479 772 626 877 eleyson.
648 768 766 876 Cujus
783 767 936 846 visionis
956 769 1174 876 presagium·
1191 767 1404 846 futurorum
1425 768 1674 875 pretendebat

254 921 429 980 eventum
448 934 456 978 ε
474 928 580 991 narn,
598 900 710 977 beato
724 897 933 1004 opitulante
949 898 1119 989 Bertino,
1138 899 1385 976 misertus-est
1398 900 1587 977 Dominus
1606 927 1673 1004 po

251 1033 343 1138 pulo
358 1058 446 1117 sno,
470 1048 508 1108 et
521 1029 771 1106 hereditatem
789 1050 894 1103 suam
911 1056 988 1104 non
1005 1028 1178 1135 despexit
1192 1029 1229 1103 in
1248 1030 1363 1105 sancti
1379 1031 1478 1106 Petri
1497 1029 1668 1106 cenobio.

251 1162 322 1240 Ubi
340 1164 435 1239 adeo
455 1179 492 1238 et
510 1178 601 1237 tunc
617 1176 655 1235 et
668 1175 798 1264 postea
813 1157 937 1234 fervor
949 1157 1138 1264 regularis
1148 1158 1360 1249 incanduit,
1377 1176 1420 1235 ut
1439 1161 1671 1265 superornet

251 1293 346 1370 leret
365 1294 402 1367 in
417 1290 601 1398 religione
613 1317 746 1366 omnes
760 1288 948 1378 ecclesias,
963 1317 983 1362 a
996 1286 1134 1393 quibus
1146 1315 1188 1363 ea
1202 1305 1423 1392 tempestate
1436 1290 1595 1366 admissa
1616 1309 1672 1366 cst

251 1421 447 1499 correctio.
467 1421 551 1511 Que
570 1436 607 1495 et
622 1447 641 1493 a
658 1417 842 1494 cenobitis
858 1416 973 1493 sancti
988 1417 1164 1507 Batonis,
1182 1416 1270 1493 licet
1285 1418 1435 1507 coactis,
1455 1448 1531 1494 nou
1548 1420 1671 1496 multo

187 1526 194 1539 ο
248 1568 334 1658 post
350 1569 539 1654 tempore,
559 1564 745 1652 suscepta,
768 1562 807 1622 et
823 1574 843 1621 a
862 1545 1058 1649 nonnullis
1073 1544 1156 1622 aliis
1171 1544 1415 1624 Flandrarum
1436 1551 1673 1627 monasteriis

250 1700 305 1759 est
317 1681 480 1784 incepta;
500 1679 568 1755 sed
581 1678 662 1782 ipso
678 1694 798 1783 patre,
816 1705 883 1782 pre
899 1676 1118 1753 infirmitate
1133 1693 1170 1752 et
1183 1694 1330 1753 senecta
1345 1677 1558 1766 debilitate,
1574 1681 1672 1785 cepit

247 1829 457 1916 tepescere,
475 1825 512 1885 et
534 1836 630 1914 pene
651 1807 829 1912 usquein
851 1806 1040 1883 desectum
1062 1806 1313 1914 languescere.

909 2079 1022 2154 XCI.

536 2285 572 2325 DE
594 2280 790 2324 oonntcrtotttt
813 2280 945 2320 mesta
966 2278 1065 2321 SANGTI
1089 2264 1204 2321 tentati
1228 2281 1376 2323 nemausis.

303 2465 491 2544 Correctis
509 2463 624 2572 igitur
641 2484 765 2566 prope·
783 2459 931 2536 cunctis·
951 2460 1074 2535 tocius
1093 2460 1310 2535 monarchia
1335 2458 1579 2537 Flandrarttm
1617 2491 1670 2538 ee

247 2594 392 2680 nobiis,
424 2593 475 2668 nd
497 2591 723 2700 gallicanum
753 2606 956 2666 coturnum
981 2587 1261 2664 humiliandum
1290 2590 1471 2697 regularis
1501 2592 1671 2667 extendi·-

246 2742 310 2800 tur
324 2723 456 2800 ferula.
479 2724 526 2798 ln·
543 2722 718 2798 Remensi
740 2738 903 2825 namque
927 2706 1023 2795 urbe
1048 2719 1354 2825 metropolitana,
1378 2719 1532 2797 ecclesie
1553 2725 1668 2798 sancti

248 2844 424 2960 Remigii,
446 2874 569 2957 nsque·
586 2850 681 2926 adeo
697 2849 856 2926 interius
873 2846 1090 2937 dissoltttio,
1109 2848 1274 2925 exterius
1288 2870 1379 2926 voro·
1391 2876 1526 2926 rernm
1541 2878 1669 2929 ncces

247 2983 426 3058 satiarem
448 2981 620 3087 apparuit
644 2978 845 3069 desolatio,
871 2995 915 3054 ut
939 2997 1025 3053 cum
1052 2996 1134 3054 non·
1151 2977 1299 3055 abbatie
1323 2980 1391 3055 sed
1410 2981 1515 3088 regni
1540 2981 1669 3087 appel·

246 3112 358 3189 landa
382 3129 481 3188 esset
495 3111 667 3199 nomine,
686 3109 742 3187 vix
757 3109 883 3215 paucis
899 3109 992 3185 inibi
1010 3107 1236 3215 degentibus
1262 3108 1476 3187 sufficerent
1503 3110 1668 3190 subsidia

245 3242 330 3319 vite.
360 3242 639 3349 Metropolitani
669 3241 785 3348 igitur
815 3256 852 3316 et
881 3239 1274 3346 circumadjacentium
1306 3240 1547 3318 ecclesiarum
1572 3244 1669 3320 viro·

245 3400 330 3448 rum
359 3373 603 3478 prudentium
636 3371 814 3459 consilio,
847 3369 980 3447 abbate
1014 3371 1185 3478 ejusdem
1210 3370 1377 3459 cenobii,
1409 3372 1479 3447 sub
1510 3374 1668 3451 honesta

245 3531 353 3580 causa
369 3517 407 3579 et
424 3505 531 3610 quasi
557 3532 600 3579 ex
620 3502 775 3607 proprio
792 3512 963 3588 assensu,
984 3516 1148 3589 remoto,
1170 3499 1347 3576 fratribus
1367 3528 1410 3575 ex
1432 3499 1551 3576 libera
1571 3503 1667 3579 elec-

243 3633 349 3711 tione
377 3634 600 3711 imminebat
629 3632 747 3709 alium
775 3630 1015 3707 substituere.
1048 3628 1242 3707 Concione
1272 3630 1398 3736 itaque
1419 3629 1533 3717 facta,
1562 3649 1668 3736 pater
1738 3684 1744 3695 -

244 3763 483 3850 lambertus,
500 3790 586 3838 cum
604 3762 736 3836 ceteris
752 3778 789 3836 et
804 3790 890 3838 cum
905 3759 1033 3836 electis
1047 3759 1300 3861 sithiensium·
1312 3758 1506 3867 iratribus,
1529 3761 1667 3839 intere-

245 3910 318 3983 rat,
335 3893 385 3968 ad
395 3893 504 3999 cujtts
519 3909 661 3968 natum-¹
672 3894 849 3967 omniurn·
861 3891 1021 3966 intentio
1038 3891 1273 3996 respiciebat.
1289 3891 1381 3982 Qui,
1397 3889 1520 3968 divina
1535 3896 1666 3997 procul

247 4020 364 4098 dubio
379 4038 506 4098 tactus
519 4021 653 4130 gratia,
668 4019 862 4109 Odonem,
882 4017 1055 4095 abbatem
1070 4035 1283 4096 sanctorum
1299 4020 1462 4124 Crispini
1477 4040 1515 4097 et
1527 4023 1668 4129 Cn'spt

246 4150 351 4227 niani
370 4151 590 4239 martirem,
607 4148 727 4226 virum
744 4148 797 4226 ad*
811 4148 1125 4258 omniasegacem·
1139 4166 1177 4226 et
1194 4149 1440 4239 industrium,
1459 4152 1513 4227 eis
1527 4153 1667 4260 eligent

245 4280 342 4356 darn
354 4281 560 4358 iminuarit
576 4281 710 4358 :hune
720 4300 890 4386 namque·
905 4278 952 4355 de
972 4279 1231 4357 suessionensi
1245 4279 1391 4356 cirnate
1405 4280 1538 4355 Remis
1550 4285 1667 4386 proti-

244 4409 391 4487 cittene
404 4432 536 4487 sacam
554 4410 774 4487 adduxerat,
792 4409 1037 4488 Substieutus·
1049 4411 1176 4518 igitar,
1196 4409 1328 4497 vellet,
1350 4413 1486 4508 notter,
1506 4418 1556 4494 ad
1571 4434 1669 4497 oms

243 4540 482 4646 impositum,
499 4541 632 4619 cameli
647 4540 861 4651 ewangeliei
879 4539 1147 4627 similitudine,
1168 4562 1270 4650 genn
1284 4543 1409 4624 cordis
1426 4545 1610 4637 flectimini·
1629 4560 1668 4625 et

243 4686 345 4750 anta
358 4671 538 4749 instantia
549 4672 596 4750 ad
613 4671 847 4751 meliornnda
862 4692 1012 4778 queque
1030 4671 1132 4751 inttts
1146 4674 1590 4785 everterint-aecingitur,
1605 4694 1663 4769 ut,

244 4819 383 4881 contre-
396 4801 619 4909 opinionem
640 4803 831 4892 omnium,
854 4801 989 4880 moltis·
1007 4802 1292 4883 adversitatibus
1316 4806 1491 4912 undique
1514 4824 1667 4885 eoncor-
