4478 5842
549 485 617 556 150
891 480 1310 554 CHARTULARIUM
1337 479 1616 553 SITHIENSE.

542 639 606 701 tua
621 621 691 698 suit
706 620 855 728 petitio,
873 621 970 728 ipsas
984 650 1043 698 res
1058 620 1202 713 ambas,
1217 639 1295 698 tarn
1311 650 1373 698 eas
1384 649 1476 726 quas
1494 619 1648 710 dedisti,
1666 647 1779 724 quam
1796 648 1856 695 eas
1871 647 1963 723 quas

544 782 563 828 a
585 753 694 841 nobis
715 752 902 857 expetisti,
925 752 1168 828 concedimus
1188 752 1260 829 tibi
1280 768 1318 829 et
1335 752 1442 828 uxori
1462 768 1535 826 tuoe
1552 749 1764 842 Bertlianae,
1787 749 1962 826 seufiliis

542 884 688 974 vestris,
707 883 754 958 ad
775 878 1024 958 excolendum
1040 898 1077 957 et
1097 882 1417 968 emeliorandum
1435 897 1488 970 et,
1510 879 1606 957 sicut
1626 881 1814 971 convenit,
1832 880 1959 969 nobis,

544 1014 651 1089 annis
671 1012 843 1117 singulis,
865 1011 910 1085 ad
928 1010 1163 1089 festivitatem
1181 1014 1298 1090 sancti
1313 1011 1473 1101 Bertini,
1490 1010 1600 1088 nonis
1620 1010 1856 1116 septembris,
1874 1009 1962 1085 soli-

544 1141 635 1217 dum
654 1169 665 1216 1
681 1140 893 1247 persolvere
913 1140 1116 1227 studeatis3
1138 1157 1175 1215 ct
1193 1139 1310 1215 aliubi
1328 1141 1424 1247 ipsas
1444 1170 1503 1217 res
1519 1168 1588 1216 nec
1608 1139 1695 1217 dare
1717 1168 1785 1216 nec
1799 1141 1960 1216 vendere

545 1299 613 1347 nec
640 1287 873 1347 commutare
901 1297 971 1346 nec
993 1268 1155 1345 alienare
1175 1287 1398 1375 potestatem
1427 1268 1611 1360 habeatis;
1640 1270 1724 1360 sed,
1752 1286 1795 1345 ut
1818 1268 1960 1347 dictum

468 1410 472 1417 “
544 1420 622 1495 est,
654 1400 823 1508 quandiu
843 1398 1023 1489 vixeritis,
1049 1427 1118 1504 pro
1140 1417 1269 1475 nostro
1293 1399 1498 1489 beneficio,
1525 1398 1765 1506 possideatis3
1793 1429 1849 1490 ac,
1880 1416 1964 1503 post

544 1550 708 1608 vestrum
729 1530 901 1605 omniurn
918 1528 1085 1618 obitum,
1109 1529 1196 1632 ipsae
1214 1556 1273 1604 res
1293 1531 1519 1635 prescriptae,
1538 1546 1624 1605 cum
1645 1529 1749 1607 omni
1765 1529 1964 1607 emeliora-

544 1662 664 1750 tione,
688 1689 706 1734 a
728 1659 838 1736 nobis
858 1656 916 1733 vel
939 1657 1214 1735 successoribus
1238 1659 1376 1736 nostris
1398 1660 1446 1735 ad
1464 1661 1652 1766 integrum
1673 1660 1904 1765 recipiantur
1924 1661 1961 1735 in

543 1807 769 1896 perpetuum
792 1788 1038 1894 possidendae.
1063 1790 1147 1865 Haec
1171 1815 1261 1897 ergo
1284 1790 1461 1894 prestaria
1488 1789 1594 1865 firma
1614 1807 1848 1896 permaneat,
1877 1818 1961 1866 cum

439 1968 443 1977 ·
542 1919 783 2026 stipulatione
803 1919 968 1995 subnixa.
1285 2000 1287 2004 Α

602 2049 763 2126 «Actum
789 2048 911 2125 Sithiu
933 2048 1160 2125 monasterio
1178 2046 1348 2156 publice,
1368 2049 1407 2124 in
1426 2049 1579 2126 basilica
1598 2051 1714 2127 sancti
1738 2050 1838 2127 Petri
1860 2077 1964 2155 apos-

544 2179 631 2270 toli,
649 2206 700 2255 111.
724 2179 810 2255 idus
832 2177 973 2284 aprilis,
996 2205 1094 2256 anno
1118 2206 1190 2271 m.,
1212 2196 1391 2286 regnante
1415 2183 1557 2258 domno
1577 2181 1716 2259 Karolo
1736 2181 1961 2286 imperatore
2004 2156 2007 2167 ,

543 2310 582 2385 in
608 2308 794 2396 Francia¹,
822 2325 960 2415 nepote
977 2307 1116 2389 Kamli.

602 2478 707 2586 «Ego
736 2479 947 2566 Robotros,
970 2476 1079 2566 abba,
1106 2477 1258 2583 propria
1278 2506 1393 2555 manu
1414 2478 1569 2555 firmavi.
1586 2517 1598 2546 ν

1174 2788 1336 2864 LXIII.

854 3006 891 3043 ns
915 3005 1136 3047 nostrumnon
1161 3006 1256 3055 nnsis,
1280 3007 1315 3047 rr
1336 3007 1522 3050 successione
1543 3008 1659 3049 ononis.
1684 2987 1686 2991 ’

603 3205 691 3281 Post
720 3204 799 3279 haec
817 3220 943 3279 autem
970 3203 1129 3280 Karolus
1153 3231 1235 3295 rex,
1263 3203 1412 3310 imperii
1441 3206 1499 3282 sui
1527 3233 1625 3281 anno
1652 3231 1735 3294 mn,
1767 3206 1964 3284 decessita

547 3333 695 3425 seculo;
717 3333 776 3410 cui
803 3332 957 3439 quidam
982 3333 1085 3423 Odo,
1110 3360 1189 3409 non
1217 3360 1261 3410 ex
1284 3335 1386 3442 regia
1410 3336 1541 3440 stirpe,
1568 3335 1743 3411 successit
1767 3335 1806 3409 in
1832 3363 1961 3441 regno.

545 3466 732 3569 Namque,
754 3461 1027 3540 decedentibus
1046 3463 1354 3568 imperatoribus,
1377 3464 1619 3540 Karlomanni
1640 3463 1741 3540 filius
1757 3458 1903 3541 tantum
1924 3466 1963 3541 in

545 3593 651 3673 cunis
663 3592 845 3673 remansit
857 3620 955 3699 puer
969 3591 1147 3685 Karolus,
1162 3594 1211 3670 de
1225 3621 1303 3698 quo
1323 3620 1408 3670 cum
1430 3595 1560 3671 Franci
1582 3593 1858 3700 desperassent,
1872 3626 1965 3701 prae-

401 3736 404 3740 ’
545 3723 662 3805 fatum
680 3723 857 3805 Odonem
871 3728 985 3827 super
1003 3750 1043 3799 se
1058 3748 1184 3831 regem
1199 3739 1387 3814 statuunt,
1401 3748 1501 3803 tuno
1515 3723 1671 3803 Domini
1685 3733 1962 3805 recemum&

509 3835 512 3841 ¹
545 3856 587 3935 In
616 3856 728 3962 cujus,
744 3881 844 3931 anno
872 3851 1055 3943 seeundo,
1080 3851 1196 3931 sancti
1225 3852 1369 3933 Bertini
1397 3855 1667 3935 monasterium
1696 3885 1719 3933 a
1743 3873 1964 3963 tempestate

546 4003 602 4065 ast
624 3983 813 4091 dejectum
833 4011 906 4066 xvt.
931 3982 1004 4061 kal.
1024 3982 1215 4065 februarii.

589 4195 597 4226 ¹
619 4197 758 4259 ductores
776 4196 861 4258 Nove
881 4194 959 4257 Gatt
980 4194 1071 4256 christ.
1096 4195 1227 4259 chortem
1282 4189 1405 4271 quidem
1423 4188 1503 4274 quod
1523 4191 1560 4252 ad
1579 4189 1710 4251 chartam
1729 4189 1836 4252 Roditri
1851 4191 1965 4258 attineo
1994 4271 1999 4279 ¹

546 4300 627 4361 iiiam
639 4300 799 4362 confectam
811 4298 902 4359 fuisse
917 4308 1023 4380 putant
1032 4297 1151 4360 biennio
1162 4310 1229 4381 post
1284 4292 1422 4362 hierem,
1431 4295 1455 4353 si
1465 4292 1552 4355 verbs
1560 4293 1965 4376 ipseinsbummtiattendn.

546 4402 676 4467 dutum
695 4401 803 4464 Rudini
818 4399 953 4482 superios
970 4400 1105 4470 matam,
1121 4420 1229 4486 ampo
1283 4395 1326 4457 niI
1337 4395 1463 4460 dubium
1475 4396 1549 4478 quiri
1563 4405 1666 4477 agatur
1680 4394 1861 4478 deujusdsm
1872 4395 1967 4458 (asoti

547 4524 625 4569 tuno
659 4504 740 4572 885.
766 4503 837 4589 quit
863 4501 984 4565 initium
1016 4505 1099 4587 regni
1128 4501 1230 4565 Krroli
1282 4518 1374 4583 regno
1390 4501 1423 4561 in
1439 4498 1577 4568 Francia,
1597 4502 1682 4585 cujcrs
1697 4501 1801 4563 tertius
1816 4518 1912 4560 annus
1928 4486 1974 4558 ad'

546 4605 641 4670 Crassi
656 4616 778 4666 sumunt
793 4605 831 4665 ab
849 4626 883 4666 eo
901 4615 1031 4689 temporo
1052 4627 1111 4695 quo
1127 4606 1159 4666 in
1174 4605 1228 4667 Lo·
1284 4624 1309 4662 a.
1324 4601 1385 4684 887
1400 4600 1578 4663 revocandus
1592 4612 1645 4663 est.

547 4708 690 4793 thoringia
718 4708 913 4791 principatum
943 4704 1116 4770 obtinuerat
1140 4707 1230 4770 Recto
1327 4702 1427 4786 ’lep
1449 4705 1520 4785 887.
