4478 5842
578 502 704 576 PARS
738 492 1433 590 PRIMA.-FOLQU1N1LIB.11.
1546 594 1549 601 Ι
1637 502 1706 576 155

299 669 377 720 uno
396 642 526 721 codice
549 645 769 722 traditiones
789 641 962 721 fidelium
982 672 1069 720 cum
1083 642 1195 719 kartis
1215 669 1362 733 earum,
1383 668 1532 721 necnon
1554 659 1591 718 et
1610 659 1709 750 gesta

298 772 477 850 abbatum
498 772 546 850 ab
568 775 651 879 ipso
671 776 795 881 primo
814 774 888 852 loci
907 766 1021 881 hujus
1036 789 1219 850 structore
1233 773 1376 850 domno
1393 774 1548 850 Bertino
1560 771 1709 859 abbata,

300 930 420 1009 usque
445 904 493 979 ad
514 905 713 996 ultimum,
734 904 800 1010 qui
819 932 920 980 nunc
939 920 1073 1009 praeest
1093 920 1228 980 nostrae
1246 903 1354 979 etatis
1372 919 1563 1009 tempore·
1579 904 1713 978 Fateor

300 1050 427 1111 autem
446 1034 525 1138 ipsa
543 1034 712 1124 veritate,
729 1051 825 1110 teste
837 1062 915 1124 me,
932 1033 1049 1111 nichil
1065 1032 1126 1109 hic
1140 1012 1242 1108 aliud
1255 1033 1440 1139 scripsisse
1462 1033 1533 1109 nisi
1549 1029 1653 1137 quod
1672 1030 1712 1106 in

302 1162 536 1270 exemplariis
555 1165 795 1270 antiquorum
813 1164 920 1269 potui
938 1164 1152 1270 repperiret
1169 1179 1234 1239 aut
1253 1163 1415 1240 strenuis
1429 1164 1516 1239 viris
1533 1161 1714 1238 narranti·

300 1295 373 1372 bus
387 1323 598 1404 agnoscere.
614 1295 652 1371 Si
665 1294 731 1399 qni
745 1311 871 1370 autem
881 1322 942 1370 me
953 1293 1133 1369 invidiose
1146 1292 1333 1370 voluerint
1347 1292 1542 1384 dilaniare,
1558 1293 1712 1368 obsecro
1749 1395 1753 1403 Ι

301 1427 531 1531 paternitatis
544 1442 618 1501 ture
635 1423 872 1501 refrenentur
883 1424 1017 1501 favore.
1035 1423 1209 1528 Reliquas
1223 1452 1310 1500 vero
1326 1424 1447 1500 kartas
1463 1450 1531 1528 per
1553 1423 1715 1498 diverso-

301 1583 386 1630 mm
406 1556 700 1631 ministeriorum
718 1553 840 1629 officio
859 1555 1052 1659 deputatas
1069 1551 1191 1627 curavi
1214 1552 1409 1658 separatim
1431 1551 1654 1640 inscribere,
1674 1564 1715 1624 ut

301 1686 407 1790 quod
427 1684 632 1787 unicuique
657 1683 864 1765 ministerio
896 1681 1140 1760 distributum
1172 1699 1264 1774 erat,
1292 1681 1448 1757 faciliori
1472 1680 1714 1785 inquisitione

301 1832 426 1917 posset
451 1813 645 1918 inquirens
670 1813 858 1919 indagare.
889 1812 1097 1917 Subscripsi
1123 1811 1233 1887 etiam
1264 1839 1332 1917 per
1359 1810 1533 1886 ordinem
1558 1808 1715 1884 fratrum

304 1960 518 2020 nostrorum
536 1943 708 2031 nomina,
723 1972 817 2049 quos
832 1970 919 2050 ego,
934 1940 1159 2048 juvenculus
1175 1959 1212 2019 et
1228 1968 1324 2045 pene
1344 1939 1517 2030 ultimus,
1540 1939 1717 2016 recordor

305 2074 342 2148 in
367 2074 437 2149 hoc
456 2073 683 2150 monasterio
704 2072 866 2179 regulari
887 2072 1017 2148 vixisse
1040 2073 1124 2148 vita.

379 2310 512 2373 Domnus
531 2310 619 2371 abbas
634 2309 734 2379 Hilde·
809 2310 1011 2377 ,Hemsn'dus
1132 2309 1328 2393 Engelandus.
1433 2306 1623 2369 Heimericus.

422 2412 561 2475 brandus.
834 2412 1021 2494 Adalolphus.
1132 2411 1287 2494 Sigelmus.
1431 2409 1602 2470 Everardus.

1796 2364 1820 2403 «Ι

380 2512 512 2596 Odoldus
524 2514 661 2575 decanus.
835 2513 995 2573 Rodvinus.
1133 2512 1287 2595 Aldgerns.
1431 2511 1528 2571 Liuzo.

379 2615 567 2696 lngelandus.
835 2613 983 2694 Signinua.
1133 2613 1244 2695 Uuago.
1431 2615 1598 2675 Evernldus.

380 2717 599 2780 Uuinetmarus.
834 2714 992 2777 Galandus.
1132 2716 1303 2798 Folquinua.
1431 2717 1634 2797 Regenfridus.

381 2816 581 2879 Grimbaldus.
836 2816 997 2876 Liodricus.
1132 2815 1309 2878 idelbaldus.
1431 2818 1525 2879 Tiozo.

384 2917 517 2980 Domnus
537 2918 626 2980 abbas
645 2919 735 3000 Rege·
835 2916 968 2978 Odarius.
1133 2920 1294 3002 Adalsigae.
1432 2919 1598 2980 Uullardns.

426 3020 541 3082 noldus.
838 3018 1038 3089 Eoemhaldus.
1134 3020 1305 3085 Adulardns.
1432 3020 1604 3103 lleingcrus.

382 3122 585 3184 Grimrtaldus.
837 3120 990 3182 Suavinun
1134 3121 1294 3183 Marcidus.
1433 3123 1611 3204 Nidgrimua.

383 3222 566 3289 Benedictus.
835 3223 999 3305 adornas.
1134 3225 1338 3288 Amadandus.
1433 3224 1617 3289 Humlridus.

383 3326 543 3388 Rilelmus.
835 3324 1002 3387 Uuluricua.
1134 3325 1319 3387 Heremarua.
1434 3328 1581 3388 Folcams.

384 3429 559 3492 Dmtwinus.
836 3425 1017 3508 Sigebaldus.
1134 3425 1332 3489 Grimbaldus.
1438 3429 1614 3510 Regenerus.

904 3702 1118 3777 LXXXII.

555 3919 665 3960 onum
686 3917 855 3970 smum}
876 3918 978 3959 ΙΔΙΜ
997 3920 1158 3963 TESTAM&
1176 3920 1275 3964 Vltus
1295 3922 1471 3967 mloellll.

368 4113 437 4191 Hic
464 4112 577 4191 ctiam
594 4107 743 4192 villulas
761 4110 809 4187 ad
833 4109 1050 4197 elemosine
1065 4111 1319 4213 ‘ministerium
1340 4115 1558 4197 alidelibus
1579 4134 1724 4198 contra.

315 4242 425 4336 ditas,
446 4270 524 4321 non
546 4269 633 4321 mco
652 4268 806 4346 parcens
822 4238 958 4332 labori,
978 4241 1046 4319 sed
1064 4244 1281 4323 monasterii
1301 4246 1529 4352 prospiciens
1552 4246 1721 4339 utilitati,

314 4402 401 4455 cum
416 4372 526 4453 canis
540 4371 635 4463 suis,
654 4369 815 4451 scribere
835 4371 1048 4483 aggrediar:
1069 4374 1225 4451 memini
1241 4404 1404 4483 namque
1425 4406 1486 4457 me
1505 4379 1577 4456 hoc
1598 4378 1724 4485 ipsum

314 4503 540 4609 promisisse,
552 4531 639 4589 cum
647 4502 860 4589 Guudberti
871 4502 1105 4585 mentionem
1115 4507 1187 4585 sub
1198 4507 1568 4616 Fridogisolccissem
1578 4506 1723 4591 abbate.

314 4631 431 4739 Igitur
445 4661 529 4740 que
543 4632 739 4715 scribenda
755 4649 844 4713 sunt
859 4660 956 4739 pene
974 4635 1100 4713 omnia
1118 4635 1235 4741 ipsius
1247 4637 1462 4719 Gundherti
1478 4654 1515 4715 et
1533 4637 1648 4743 patris
1666 4637 1724 4713 sui

317 4760 488 4843 Goiberti
499 4780 591 4845 sunt
601 4763 797 4872 largitione
811 4763 958 4843 tradita.
973 4762 1373 4851 Construxeratautem
1389 4767 1510 4847 isdem
1523 4766 1728 4849 Goiberun

1487 4911 1537 4956 20.
