4478 5842
284 479 356 551 278
626 480 1037 555 C'IIARTULARIUM
1072 479 1361 553 SITHIENSE.

889 754 1102 830 LXXVII.

1173 874 1193 913 ὁ

336 983 446 1063 Anno
463 985 576 1091 igitur
591 986 780 1065 dominice
796 986 1063 1065 incarnationis
1083 985 1286 1075 millesirno
1301 985 1505 1062 centesimo
1521 1012 1639 1079 nono,
1654 988 1701 1065 ab

278 1114 604 1194 Attrebatensibus
615 1133 811 1223 susceptus
826 1117 990 1197 estordo
1004 1116 1273 1195 Cluniaeensis.
1290 1116 1367 1195 Sed
1382 1115 1589 1222 fratresqui
1604 1117 1703 1197 iudi-

280 1247 381 1352 gnati
402 1247 582 1340 exierant,
607 1246 744 1327 frustra
764 1248 958 1353 inceptum
976 1248 1122 1327 bonum
1140 1248 1335 1329 destruere
1357 1246 1585 1327 nitebantur.
1610 1249 1702 1325 Nam

280 1377 438 1453 Romam
467 1376 645 1483 profecti,
677 1379 831 1471 cellam,
863 1379 1000 1484 Aspres
1034 1379 1188 1470 dictam,
1222 1379 1377 1459 ecclesie
1408 1377 1526 1459 saneti
1552 1377 1704 1476 Vedasti
1789 1373 1792 1377 ¹

282 1506 548 1611 appendicem,
570 1508 773 1613 apostolica
791 1509 1009 1585 auctoritate
1031 1507 1102 1584 sibi
1126 1508 1258 1585 donari
1283 1507 1503 1613 poscebant,
1528 1524 1573 1584 ut
1592 1506 1707 1587 abba'·

282 1655 358 1711 tem
376 1635 469 1710 inibi
490 1665 533 1711 ex
554 1637 629 1713 suis
647 1655 912 1745 preponerent.
936 1637 983 1713 At
1005 1665 1110 1723 vero,
1129 1620 1286 1715 consilio
1307 1637 1504 1742 sapientie,
1528 1656 1705 1715 conatum

284 1786 470 1844 mutavere
492 1767 724 1872 insipientie3
755 1770 889 1847 reversi
917 1798 1082 1875 namque
1111 1771 1159 1846 ad
1184 1798 1288 1846 suam
1317 1767 1529 1857 ecclesiam,
1557 1768 1707 1872 incepte

281 1896 454 2003 religioni
469 1900 679 1977 concordes
698 1906 841 1978 manus'
851 1899 1009 1978 dedere.

874 2164 1110 2240 LXXVIII.

568 2406 604 2444 uu
625 2404 711 2445 OBITU
737 2403 874 2451 nonnum.
898 2403 1014 2446 conluta
1035 2403 1193 2450 renuente,
1218 2403 1286 2442 FILII
1311 2403 1446 2445 rmsours.

339 2622 447 2700 Anno
468 2620 648 2698 incarnati
666 2618 781 2699 Verbi
807 2616 1010 2696 millesimo
1042 2619 1248 2696 centesimo
1272 2618 1493 2709 undecimo,
1524 2614 1710 2692 Robertus

277 2754 419 2860 junior,
438 2770 616 2860 regnante
636 2751 675 2827 in
690 2750 846 2828 Francia
863 2751 1073 2840 Ludovico‚
1089 2749 1186 2859 regis
1200 2748 1365 2859 Philippi
1388 2747 1483 2837 filio,
1505 2747 1545 2822 in
1561 2745 1713 2859 expedi-

284 2884 388 2957 tione
408 2883 578 2988 ejusdem
597 2880 696 2989 regis
715 2881 879 2987 positus,
899 2879 1015 2958 Collis
1032 2880 1203 2957 moritur.
1223 2879 1340 2988 Cujus
1355 2900 1510 2984 corpusr
1527 2905 1571 2952 ex
1591 2872 1710 2964 idem,

286 3041 372 3087 curn
387 3036 520 3118 magna
534 3036 734 3115 procerum
744 3009 1063 3119 Francigenarum
1080 3027 1234 3101 caterva,
1251 3008 1487 3087 Attrebatum
1503 3003 1710 3093 transtulit,

284 3139 501 3249 ibidemque
522 3138 701 3245 sepelivit
729 3134 980 3246 Filiusque
947 3170 1028 3248 ejus
1047 3141 1256 3218 Baldninus
1280 3139 1454 3225 Flandris
1475 3165 1602 3215 comes
1619 3165 1713 3214 con·

285 3271 463 3363 stituitur,
480 3270 538 3346 vix
552 3267 712 3381 pueritie
735 3286 874 3346 etatem
891 3270 1085 3348 excedens
1104 3270 1191 3364 Quo
1208 3297 1308 3346 anno
1325 3258 1662 3378 Aequicinensess
1651 3295 1713 3343 rn-

284 3419 342 3478 ter
360 3432 399 3480 se
418 3399 712 3521 tumultuantes,
733 3397 908 3478 abbatem
929 3430 1040 3478 suum
1062 3398 1336 3507 deposuerunt,
1354 3415 1392 3478 et
1406 3397 1572 3545 priorem
1588 3376 1711 3481 Attre·

284 3530 496 3627 batensem,
520 3500 749 3611 monacbum
770 3530 1018 3624 Sithiensem,
1041 3531 1208 3609 Alvisum
1229 3531 1401 3622 nomine,
1423 3528 1495 3608 sibi
1515 3504 1711 3629 communi

286 3660 468 3744 electione
482 3681 670 3771 pastorem
686 3680 981 3772 preposuerunt,
1000 3662 1122 3739 virum
1137 3690 1205 3769 per
1220 3662 1346 3740 omnia
1362 3650 1648 3747 industrium
1627 3688 1707 3736 rem

286 3796 589 3905 qualemcunque
609 3811 803 3903 utcunque
819 3792 1006 3871 deducere
1020 3790 1068 3871 ad
1083 3791 1270 3871 effectum.

1797 3226 1810 3259 θ

909 4085 1104 4164 LXXIX.

541 4324 578 4365 DE
598 4320 685 4367 OBITU
710 4322 833 4368 lusam
857 4318 1091 4372 securamen,
1116 4324 1150 4366 ΕΤ
1172 4320 1300 4367 numme
1323 4321 1451 4368 acuam.
1465 4286 1479 4309 Ι

344 4519 453 4596 Anno
475 4518 663 4596 dominice
677 4518 945 4601 incamutionis
964 4519 1168 4598 millesimo
1187 4519 1394 4598 centesimo
1414 4547 1534 4613 nono,
1554 4519 1611 4596 vir
1624 4545 1711 4625 apo
1793 4570 1798 4579 ·

288 4648 441 4729 stolicus
466 4646 746 4726 Cantuariensis
771 4649 1023 4757 archipresul,
1055 4648 1275 4742 Anselmus,
1306 4650 1505 4756 speculum
1532 4677 1710 4729 monaco-

289 4811 392 4871 rum,
408 4798 446 4859 et
457 4778 691 4859 honorabilis
700 4781 821 4888 Engo,
835 4780 949 4858 abbas
959 4779 1282 4873 Cluniacensium,
1297 4809 1429 4861 occasu
1442 4781 1607 4891 glorioso
1619 4779 1709 4859 huic
