4478 5842
588 481 710 554 raas
736 477 906 552 rarus
924 521 976 537 -
996 475 1245 568 rasorum
1270 477 1363 550 ars.
1389 476 1437 548 11.
1648 425 1716 550 ⁸aa

304 621 483 701 mmhold
514 619 667 713 dictam,
697 620 760 727 pia
787 618 999 698 curiositate
1029 618 1251 725 perveniret.
1283 619 1428 694 Interea
1457 616 1527 694 ubi
1554 616 1647 697 inibi
1674 620 1722 695 ad

303 780 472 831 mensam
487 769 640 831 ventum
662 767 734 843 cst,
751 750 793 827 in
811 779 886 858 qua
904 749 1126 840 lautissima,
1141 749 1198 826 uti
1217 764 1323 825 tanto
1338 747 1526 855 pontifici,
1544 774 1722 854 praepara·

197 950 205 967 .
302 881 440 961 bantur
455 881 645 989 obsequia,
663 880 778 960 frater
790 880 907 987 ipsius
917 879 1017 959 beati
1033 878 1200 987 praesulis
1214 878 1403 968 advolitat,
1421 878 1600 955 nuntians
1613 906 1721 988 grave
1872 920 1875 926 ·

302 1029 341 1090 et
360 1011 662 1120 inrecuperabile
674 1010 817 1119 patriae,
839 1009 870 1087 si
886 1010 1144 1117 perficeretur,
1161 1007 1348 1085 excidium
1367 1038 1375 1084 :
1394 1025 1567 1086 sanctum
1581 1008 1722 1086 scilicet

301 1141 562 1222 audomarum
582 1171 628 1219 er
640 1139 869 1219 monasterio
885 1167 953 1217 suo
969 1140 1210 1230 abstractum,
1229 1155 1282 1229 et,
1300 1138 1341 1214 ni
1355 1137 1432 1215 cito
1447 1157 1651 1229 succurrat,
1673 1140 1720 1216 ad

301 1289 471 1351 muctam
500 1271 729 1366 Quintinum
755 1269 979 1351 vermandis
1006 1294 1127 1377 usque
1157 1267 1422 1345 deferendum.
1451 1269 1537 1344 Haec
1566 1270 1722 1345 audiens

302 1418 451 1479 sanctus
467 1400 624 1479 Domini
642 1399 832 1492 sacerdos,
855 1398 1016 1476 nimium
1037 1397 1207 1476 turbatus
1228 1397 1481 1474 intrinsecus:
1503 1399 1650 1487 «Vade,
1674 1399 1723 1474 in

304 1529 414 1637 «qaut
427 1530 476 1607 ad
492 1528 663 1617 fratrem,
685 1544 724 1605 et
741 1528 860 1606 totius
879 1527 1058 1634 episcopii
1073 1527 1151 1604 mei
1164 1526 1351 1634 populum
1370 1527 1450 1634 gira
1470 1526 1669 1620 curiosius,
1687 1546 1724 1605 et

304 1695 317 1727 ι
332 1659 394 1737 die
409 1659 520 1737 tertia
533 1658 632 1736 infra
643 1682 774 1736 muros
787 1660 997 1736 Taruenne
1010 1657 1115 1734 urbis
1129 1673 1255 1763 presto
1275 1672 1356 1734 esto
1372 1684 1459 1733 eum
1476 1657 1669 1751 omnibus,
1687 1676 1725 1761 et

303 1813 401 1896 «ego
415 1813 570 1894 presens
586 1812 651 1866 aro
667 1816 754 1865 cum
770 1788 831 1865 his
843 1815 940 1894 quos
952 1816 1117 1876 mecum,
1139 1786 1290 1895 Christo
1308 1786 1527 1876 amilianae,
1550 1787 1722 1868 detulero

302 1952 316 1987 ι
330 1917 381 2000 de
388 1917 468 1996 istis
475 1916 658 2025 partibus.
664 1920 766 1996 Tum
776 1917 945 2010 demum,
957 1919 989 1994 si
999 1919 1077 2024 ipse
1084 1906 1222 2026 juverit
1232 1918 1448 2007 sanctuaad
1458 1918 1723 1997 exomiendum

153 2058 155 2063 '
303 2074 418 2126 ceum
431 2048 661 2128 omnimodis
676 2078 763 2128 sum
776 2038 936 2156 paratus.
953 2085 966 2119 a
981 2048 1048 2126 His
1067 2065 1193 2126 autem
1215 2048 1425 2124 secundum
1446 2047 1602 2125 verbum
1623 2050 1724 2130 beati
1829 2052 1836 2063 “

268 2171 270 2181 ’
301 2178 491 2286 pontilicis
511 2179 582 2258 rite
603 2181 781 2288 peractis,
796 2180 905 2260 adest
923 2179 985 2257 die
1003 2179 1113 2303 tertia
1127 2178 1168 2255 in
1187 2176 1284 2254 urbe
1298 2179 1499 2255 Tarueuna
1517 2178 1722 2259 multitudo

300 2307 587 2389 innumerabilia
603 2329 643 2389 et
655 2336 756 2418 pene
773 2328 858 2388 ante
872 2310 1001 2388 invisa.
1018 2313 1126 2389 Ttmc
1140 2309 1313 2387 sacerdos
1326 2307 1503 2399 Domini,
1517 2337 1604 2385 cum
1618 2313 1721 2387 omni

302 2439 373 2517 bae
391 2438 652 2534 multitudine,
669 2441 883 2549 insequittm
897 2441 1111 2548 predictum
1128 2439 1302 2517 abbatem
1322 2437 1522 2530 cum·suis,
1538 2466 1660 2545 usque
1674 2441 1721 2517 ad

300 2567 427 2648 villam
445 2572 617 2677 superius
638 2572 870 2649 nominatam
890 2554 978 2648 cuni
1000 2569 1106 2646 omni
1121 2567 1373 2646 festinatione.
1387 2567 1436 2644 At
1452 2565 1506 2643 illi
1521 2569 1723 2675 gestientes

300 2722 437 2806 eorpus
460 2718 630 2778 sensuam
656 2697 864 2781 sustollere*
879 2697 1082 2806 fugamque
1104 2697 1221 2791 inire,
1248 2694 1354 2773 nulla
1376 2695 1450 2773 boc
1475 2697 1721 2777 multitudine

288 2854 456 2935 ‘prorsus
480 2828 695 2906 valebanta
716 2845 817 2906 terra
843 2826 977 2906 leuare.
999 2826 1177 2933 vCumque
1200 2826 1259 2918 id',
1284 2826 1414 2925 addita
1437 2827 1565 2905 adbuc
1587 2830 1721 2938 majori

299 2954 563 3049 multitudine,
589 2973 815 3036 conarentur
835 2955 1044 3062 bisterque
1057 2955 1199 3046 levare,
1213 2955 1497 3035 nichillominus
1518 2958 1570 3036 ita
1594 2979 1723 3040 manet

300 3087 507 3178 inmotum,
534 3086 610 3164 acsi
627 3085 857 3194 thrsdam
876 3085 1069 3164 radicibus
1088 3098 1188 3163 terra
1208 3102 1319 3162 tenus
1339 3103 1534 3166 teneretur
1555 3089 1718 3170 affixum.

294 3214 421 3306 Tunc,
437 3215 578 3324 absque
590 3215 842 3295 retardatione
857 3215 974 3296 ullius
990 3216 1199 3308 commodi,
1213 3216 1422 3294 accelerant
1435 3217 1573 3327 lugam,
1588 3222 1723 3301 relicto

300 3373 459 3453 corpore
478 3346 607 3424 sancti.
629 3347 766 3429 asans
785 3364 913 3425 autem
935 3345 1144 3454 Folquinus
1169 3346 1262 3424 dans
1283 3346 1363 3424 illis
1381 3347 1552 3454 fugiendi
1574 3351 1717 3446 locum,
1849 3328 1859 3349 ”

299 3475 484 3584 accipiens
504 3446 735 3556 thesaurum
738 3476 839 3557 illud
853 3477 959 3555 omui
972 3505 1067 3556 auro
1083 3477 1412 3583 preciosissimum,
1426 3479 1587 3584 repetito
1611 3482 1717 3574 calle,

299 3634 386 3684 cum
400 3622 481 3685 tota
493 3605 664 3714 plebium
679 3605 923 3686 multitudiue
938 3584 1104 3713 reportat
1117 3607 1167 3684 ad
1183 3606 1381 3714 proprium
1392 3607 1496 3684 unde
1510 3609 1630 3688 tultus
1644 3610 1722 3689 fue

299 3752 357 3814 rat
380 3735 520 3815 hema.
539 3735 595 3814 -At
616 3737 852 3817 abstentum
874 3754 932 3817 est
954 3740 1174 3830 Tamarus,
1200 3738 1249 3815 ad
1269 3737 1429 3815 fluvium
1453 3739 1557 3845 quod
1582 3741 1721 3818 dicitnr

299 3863 403 3955 Leia,
421 3865 543 3943 omnis
564 3865 699 3975 populi
718 3893 832 3972 supra
842 3885 1052 3944 memorata
1069 3867 1296 3960 miltitudo,
1312 3867 1457 3975 absque
1468 3868 1593 3976 aliqua
1607 3862 1718 3949 conc·
1798 3957 1800 3960 Α

296 3993 452 4088 tatione,
467 3982 629 4101 pedibus
643 3995 880 4073 transvadans
894 3995 1061 4071 fluminis
1077 4025 1225 4103 aquam,
1242 4015 1367 4074 exacto
1385 4027 1506 4091 amne,
1522 4029 1592 4079 nec
1606 4003 1719 4080 unius
1864 3998 1870 4005 ’

299 4122 408 4202 stillae
439 4127 578 4202 humor
608 4124 649 4200 in
679 4151 812 4202 eorum
840 4124 1013 4231 apparuit
1046 4125 1223 4233 tegmine.
1260 4127 1623 4236 Progredientesque
1650 4150 1719 4245 per

299 4250 481 4332 aristifera
494 4281 669 4364 agromm
684 4270 772 4348 sata,
789 4282 914 4363 nequa
930 4255 1035 4333 enim
1048 4255 1163 4334 vitare
1180 4274 1411 4363 eameterant
1425 4273 1502 4334 tam
1518 4288 1720 4341 numerosa

298 4381 470 4489 plebium
494 4383 658 4494 agmina,
680 4413 767 4462 cum
788 4383 905 4462 veluti
929 4383 1088 4484 tribulis
1105 4403 1221 4463 tonsa
1241 4403 1451 4464 terratenus
1478 4370 1720 4470 curvarentur
1830 4475 1833 4481 ,

298 4511 426 4627 spice„
436 4528 617 4591 uusacta
630 4512 889 4607 multitudine,
906 4514 961 4593 ita
972 4514 1180 4594 densabant
1193 4516 1331 4608 sulcos.
1345 4532 1389 4594 ut
1401 4533 1572 4623 patmter
1587 4548 1720 4628 afflans-

300 4668 408 4722 cares
425 4643 647 4750 protectoris
666 4645 869 4724 adventum
892 4645 1006 4724 etiam
1024 4648 1261 4758 congaudere
1284 4674 1449 4756 campos
1464 4649 1717 4757 Utr'orumque

298 4788 425 4854 satem
438 4774 753 4856 monmriomm
767 4776 893 4857 clerici
912 4786 1067 4872 mutes,
1084 4778 1182 4857 auxii
1197 4796 1373 4859 ercnmm
1388 4778 1632 4886 expectabant
1644 4778 1715 4874 rei3
1797 4836 1802 4849 .

1418 4934 1421 4938 ⁸
1458 4922 1504 4963 12.
