4478 5842
579 455 702 533 Peos
734 453 907 531 PRIMA.
931 495 982 508 -
1002 451 1254 546 FOLQUINI
1279 455 1373 531 LIB.
1400 456 1449 531 11.
1675 461 1723 536 05

979 707 1076 781 XII.

659 893 696 935 DE
717 886 893 934 BUGCESSOM
916 888 1009 932 Itum
1031 887 1174 940 remorto
1195 888 1364 932 murtro.

350 1071 458 1186 ‘Quia
476 1071 590 1181 igitur
616 1069 850 1148 mentionem
870 1067 970 1144 beati
990 1065 1169 1175 Folquini
1189 1066 1318 1146 secisse
1345 1095 1407 1146 me
1434 1071 1608 1160 memini,
1634 1071 1729 1151 libet

303 1201 426 1278 adhuc
440 1229 558 1278 unum
577 1200 658 1307 ejus
674 1227 769 1307 opus
781 1196 844 1275 hic
856 1197 1039 1286 intexere,
1058 1195 1163 1303 quod
1175 1196 1301 1275 recolo
1318 1226 1380 1274 me
1394 1198 1597 1306 agnovisse,
1610 1200 1728 1280 VVic-
1807 1264 1810 1270 .

302 1328 401 1406 frido
414 1329 592 1436 pontifice
606 1345 791 1406 narrante.
804 1326 943 1436 Longa,
960 1325 1096 1434 inquit,
1114 1343 1305 1404 senectute
1316 1324 1446 1417 sessus,
1460 1325 1581 1406 isdem
1597 1328 1728 1407 beatus

303 1458 456 1535 antistes
466 1457 694 1566 Folquinus,
710 1473 842 1563 utputa
856 1454 921 1563 qui
937 1482 994 1533 xc.
1010 1454 1050 1530 in
1065 1455 1279 1563 episcopatu
1288 1455 1367 1532 Iere
1382 1450 1554 1565 pergerat
1567 1470 1725 1549 annum,

303 1598 389 1664 cum
403 1588 483 1694 jam
498 1615 576 1665 non
590 1603 716 1693 posset
730 1583 881 1692 publice
896 1584 1102 1662 missarum
1114 1582 1339 1693 sollempnia
1353 1584 1559 1680 celebrare,
1577 1589 1726 1696 cognito

302 1715 488 1809 hoc,‘rex,
509 1714 577 1793 illo
593 1714 716 1792 adhuc
729 1713 891 1802 vivente,
908 1713 1014 1820 quod
1030 1730 1160 1791 contra
1179 1743 1341 1793 canones
1358 1732 1453 1804 erat,
1475 1743 1730 1805 successorem-

304 1845 337 1923 ei
358 1844 574 1955 episcopum
598 1842 806 1922 destinavit.
831 1842 947 1938 Quod
966 1842 1127 1921 audiens
1149 1862 1297 1923 sanctus
1317 1842 1464 1951 presul,
1486 1865 1622 1939 semet,
1648 1847 1728 1954 epi·
1771 1878 1774 1883 ·

302 1975 441 2083 scopeli
452 2003 571 2069 more,
588 1975 799 2082 preparavit
812 1972 861 2050 ad
870 1972 1165 2051 celebrationem
1181 1977 1315 2067 missae,
1330 1993 1491 2053 etomne
1502 1977 1725 2068 misterium,

302 2104 583 2212 supplantatore
603 2121 761 2196 astante,
781 2102 953 2211 implevit
971 2102 1240 2184 strenuissime.
1263 2105 1312 2186 At
1331 2104 1399 2183 ubi
1422 2123 1576 2184 ventum
1602 2125 1659 2185 est
1679 2107 1728 2184 ad

303 2233 483 2326 dandam,
499 2234 554 2310 uti
566 2230 736 2340 episcopi
751 2261 835 2310 mos
848 2250 921 2321 est,
937 2232 1262 2325 benedictionem,
1282 2261 1385 2313 verso
1400 2233 1549 2323 ordine,
1568 2237 1727 2339 protulit

302 2364 379 2441 illis
397 2362 713 2441 maledictionem.
731 2363 781 2440 At
799 2362 855 2440 illi
874 2363 1031 2470 trepidi,
1057 2391 1155 2454 cum,
1172 2364 1334 2442 ascensis
1349 2362 1554 2470 equitibus,
1576 2364 1624 2440 ad
1638 2393 1725 2469 pro·

302 2488 382 2599 pria
402 2511 582 2601 cuperent
605 2493 757 2583 reverti,
786 2494 825 2568 in
846 2493 972 2570 media
991 2492 1045 2570 via
1073 2493 1333 2601 supplantator
1361 2493 1524 2601 episcopi
1550 2493 1598 2570 de
1626 2522 1724 2601 equo

302 2622 440 2729 lapsus,
458 2623 569 2701 relisa
587 2624 745 2712 cervice,
768 2620 943 2726 spiritum
965 2621 1101 2700 efflavit
1116 2624 1218 2713 vitae;
1244 2649 1449 2729 omnesque
1469 2625 1533 2728 qui
1556 2653 1641 2699 cum
1656 2623 1724 2702 illo

300 2771 497 2847 venerant,
523 2753 619 2829 infra
643 2777 785 2828 anmun
808 2749 922 2828 variis-
942 2750 1110 2830 cladibus
1133 2752 1348 2860 expirarunt
1371 2750 1429 2857 [et
1445 2751 1515 2843 ita,
1545 2782 1629 2831 cum
1652 2753 1723 2833 sibi

302 2879 524 2990 conjunctis,
549 2879 697 2987 culpam
721 2877 793 2955 luit
809 2877 1061 2985 improbitatis
1081 2879 1130 2958 ob
1151 2879 1325 2989 reatum].

949 3130 1074 3212 XIII..

699 3314 737 3363 tn
757 3317 878 3363 necessu
902 3313 1036 3371 nasum
1056 3318 1139 3361 artri
1163 3316 1333 3362 rovrrrrtts.

355 3480 474 3588 Igitur
486 3476 708 3556 adveniente
721 3479 927 3558 vocationis
945 3505 1021 3557 suae
1034 3495 1223 3586 tempore,
1246 3477 1366 3557 isdem
1381 3478 1514 3557 beatus
1533 3481 1718 3586 pontifex,
1760 3540 1765 3549 .

299 3609 467 3716 quamvis
491 3608 649 3717 longevo
669 3626 881 3717 gravaretur
900 3608 1024 3698 senio,
1050 3609 1226 3717 episcopii
1247 3609 1305 3688 sui
1328 3608 1541 3716 parrochias
1564 3608 1720 3690 circuire

301 3740 477 3819 decrevit,
492 3737 636 3817 Bonam
653 3739 751 3817 hanc
764 3740 946 3820 virtutum
969 3768 1120 3820 suarum
1140 3740 1464 3821 consumationem
1486 3741 1659 3832 credens,
1678 3760 1721 3819 ut

300 3871 463 3947 ecclesiae
484 3870 599 3962 filios,
626 3869 656 3947 si
682 3867 860 3975 alicubia
889 3868 1019 3948 matris
1043 3898 1118 3949 suae
1138 3871 1283 3978 gremio
1307 3887 1492 3948 errassent
1515 3868 1718 3962 deviando,

299 3999 507 4077 secundum
534 4024 720 4076 canonum
749 4013 884 4075 statuta
905 3997 1124 4105 plectendo,
1155 4000 1203 4076 ad
1231 3998 1388 4077 eandem
1408 3999 1620 4090 reduceret,
1642 4001 1720 4080 suis

299 4127 619 4236 predicationibus
634 4124 878 4204 exhortando.
895 4126 978 4205 Tali
998 4141 1123 4204 autem
1139 4128 1264 4207 studio
1281 4125 1422 4237 talique
1438 4128 1651 4224 devotione,
1671 4132 1719 4208 ad
1836 4214 1845 4239 Ι

301 4258 496 4336 ecclesiam
510 4257 551 4334 in
565 4256 768 4363 Mempisco
789 4258 915 4351 sitam,
932 4254 1192 4337 Hicclesbecle
1207 4276 1459 4367 nuncupatam
1472 4322 1480 4351 ‚
1495 4261 1556 4366 pia
1569 4263 1721 4341 accessit

301 4388 523 4491 curiositate.
543 4386 642 4465 Inibi
663 4405 789 4467 autem
805 4414 883 4466 non
906 4386 984 4489 diu,
993 4415 1246 4480 commorans,
1269 4419 1356 4468 cum
1366 4391 1446 4500 jam
1467 4391 1645 4501 cogitaret
1660 4423 1719 4470 re-

300 4518 408 4609 verti,
423 4519 563 4596 viribus
579 4517 746 4627 corporis
765 4519 865 4627 cepit
881 4536 1036 4628 repente
1053 4520 1217 4616 destitui,
1234 4521 1520 4631 egritudineque
1534 4525 1717 4630 corporali

224 4677 226 4681 ’
301 4647 454 4756 fatigari.
475 4651 583 4727 Tunc
605 4648 815 4726 convocatis
839 4649 1049 4757 discipulis,
1076 4678 1142 4730 eos
1165 4652 1415 4760 omnipotenti
1434 4653 1600 4731 Domino
1616 4683 1719 4730 com-

301 4777 500 4872 mendans,
525 4779 687 4856 animam
708 4777 803 4856 coelo
822 4778 991 4857 reddidit
1005 4798 1218 4860 sanctorum
1240 4782 1397 4861 coetibus
1416 4781 1715 4860 consociandam.
