4478 5842
548 486 670 560 PARS
697 485 940 561 SECUNDA.
960 528 1010 541 -
1028 484 1238 559 SIMONlS
1266 487 1357 557 LlB.
1385 487 1427 557 ll.
1511 526 1515 533 ·
1628 482 1700 555 505

922 753 1049 829 CXV.

623 946 662 987 DE
684 944 842 987 ratmont
864 943 1019 995 barnoini,
1042 945 1166 986 ritanus
1186 943 1372 985 THEODERICI.

345 1133 432 1225 Quo
447 1132 613 1240 sepulto,
635 1134 730 1212 dum
747 1134 794 1209 de
811 1131 1074 1210 substituendo
1096 1148 1269 1240 ageretur
1283 1130 1450 1238 presule,
1470 1130 1629 1207 maxima
1647 1157 1708 1235 po·

287 1260 430 1367 pularis
445 1263 651 1341 multitudo
669 1263 821 1340 fratrem
835 1262 1061 1340 Theoderici
1076 1263 1225 1339 comitis
1240 1261 1431 1347 Flandrie,
1456 1261 1611 1337 nomine
1626 1259 1711 1336 Ral-

290 1393 470 1482 duinum,
488 1394 612 1471 adhuc
632 1393 727 1469 infra
743 1411 880 1471 etatem
900 1395 1106 1485 minorem,
1129 1394 1455 1470 conclamaverunt
1474 1391 1613 1468 debere
1630 1408 1709 1468 esse

288 1523 527 1628 pontificem,
562 1522 610 1600 ad
638 1522 732 1598 tanti
762 1523 887 1598 oneris
915 1538 953 1598 et
982 1520 1138 1599 honoris
1168 1521 1304 1599 fascem
1326 1539 1364 1598 et
1390 1521 1527 1599 fastum
1554 1521 1710 1599 omnino

184 1730 189 1737 .
290 1656 485 1762 imparem.
508 1655 616 1731 Unde
634 1683 654 1730 a
669 1653 964 1760 metropolitano
989 1671 1028 1730 et
1048 1681 1069 1729 a
1090 1653 1332 1761 suffraganeis
1349 1652 1548 1744 refutatus,
1564 1681 1633 1758 per
1646 1652 1712 1728 ali-

289 1786 518 1892 quantulum
538 1784 721 1889 temporis
735 1785 774 1860 in
791 1783 923 1861 eadem
942 1783 1097 1861 ecclesia
1114 1813 1366 1876 commorans,
1384 1784 1568 1890 justitiam
1586 1785 1713 1890 requi-

289 1914 461 1994 rentibus
477 1933 515 1993 et
531 1916 682 2023 negotia
701 1912 927 1992 habentibus
946 1913 1045 1990 visus
1065 1931 1120 1990 est
1139 1914 1385 2020 respondere,
1408 1912 1479 1993 sibi
1495 1941 1572 1992 non
1590 1913 1713 1992 laven-

290 2046 392 2124 tibus
408 2045 505 2123 mala
522 2045 689 2123 inferens
706 2063 744 2122 et
758 2044 884 2151 pejora
903 2042 1040 2121 inferre
1058 2044 1264 2122 intentans.'

926 2315 1077 2394 CXVI.

589 2513 627 2555 DE
647 2510 877 2555 massalianos!
899 2511 936 2550 ΕΤ
958 2510 1114 2552 Ennomon
1134 2510 1255 2555 1less
1274 2511 1411 2554 EPISCOPI.

347 2700 424 2777 Sed
439 2729 526 2777 cum
544 2701 739 2777 Remensis
759 2698 991 2807 archipresul
1011 2688 1319 2776 Tairuanensibus
1334 2700 1545 2807 preciperet
1564 2720 1621 2790 ut,
1643 2704 1713 2782 ite-

291 2844 371 2907 rato
384 2829 538 2908 insimul
551 2833 830 2922 convenientes,
843 2858 1044 2937 personam
1061 2830 1213 2938 dignam
1230 2848 1267 2907 et
1283 2831 1512 2937 episcopatui
1525 2831 1711 2941 ydoneam

291 2961 469 3040 canonice
495 2960 691 3070 eligerent,
720 2989 789 3039 nec
816 2960 889 3054 illi,
911 2990 980 3068 pro
1003 2961 1141 3039 timore
1169 2962 1317 3039 comitis
1341 2961 1400 3039 vel
1424 2962 1622 3051 Balduini,
1644 2966 1714 3042 Ta·

290 3118 436 3168 ruenne
466 3093 515 3167 ad
542 3092 617 3170 hoc
643 3092 842 3170 convenire
869 3107 1153 3199 presumerent,
1169 3092 1296 3169 llemis
1326 3084 1535 3171 convocatis
1565 3093 1715 3172 duobus

292 3220 638 3311 archidiaconibus,
670 3220 879 3300 nonnullis·
900 3223 1011 3301 etiam
1047 3223 1114 3301 sed
1146 3222 1356 3301 admodum
1387 3225 1515 3332 paucis
1549 3224 1711 3315 clericis,

291 3379 425 3430 eorum
437 3334 647 3448 electione,
670 3353 871 3446 Milonem,
889 3355 1080 3461 quendam
1101 3354 1298 3445 clericum,
1321 3383 1365 3431 ex
1391 3355 1521 3432 domni
1542 3356 1714 3435 Norberti

290 3500 381 3561 tunc
401 3514 495 3562 nova
513 3484 751 3562 institutione
772 3484 916 3562 ordinis
936 3487 1220 3575 Premonstrati,
1235 3484 1440 3561 Morinensi
1457 3485 1610 3563 ecclesie
1628 3516 1715 3564 con-

292 3615 445 3692 secravit
465 3617 703 3722 episcopum,
724 3644 823 3694 anno
838 3613 953 3695 Verbi
974 3614 1154 3692 incarnati
1178 3630 1219 3692 n⁰
1239 3630 1276 3693 c⁰
1293 3613 1483 3692 tricesimo
1506 3616 1640 3720 primo.

911 3886 1087 3964 CXVII.

615 4080 651 4121 DE
674 4075 862 4123 DEPOSITKONE
882 4078 1041 4130 tonarius,
1064 4077 1126 4121 Loel
1151 4079 1241 4123 EUJUS
1263 4082 1391 4125 sonans.

347 4247 536 4327 lohannes
548 4264 690 4337 tamen,
703 4247 820 4356 priori
837 4247 977 4326 scilicet
989 4249 1177 4328 Balduino
1196 4250 1317 4329 electo
1332 4250 1521 4330 obstinato
1538 4252 1716 4332 inherens
1758 4338 1769 4359 ο

294 4378 439 4471 animo,
460 4395 498 4456 et
517 4381 628 4456 Petro
645 4379 783 4458 Leonis
801 4381 920 4457 Rome
941 4380 1149 4486 presidenti
1170 4382 1425 4471 consentiens,
1454 4383 1545 4459 dum
1565 4387 1717 4462 arundi-

295 4507 522 4611 neobaculo
543 4509 729 4600 innititur,
749 4488 935 4617 persorala
954 4540 1069 4589 manu
1090 4512 1188 4619 ejus,
1211 4514 1307 4619 parti
1325 4513 1504 4593 deteriori
1518 4513 1564 4592 fit
1578 4516 1717 4621 procli-

294 4638 390 4725 vior,
421 4656 458 4716 et
479 4639 579 4717 cadit
598 4669 684 4717 cum
705 4640 944 4755 cadentibus,
971 4643 1017 4718 de
1037 4671 1124 4720 casu
1145 4671 1222 4721 non
1243 4643 1406 4750 amplius
1425 4663 1714 4723 resurrecturus.

293 4772 384 4848 Nam
406 4800 482 4849 non
500 4773 622 4850 multo
636 4790 722 4879 post
738 4773 861 4852 littere
879 4793 1065 4853 venerunt
1078 4773 1297 4880 apostolice,
1315 4776 1454 4882 quibus
1472 4774 1715 4852 interdictum
