4478 5842
308 479 380 546 seo
608 457 611 460 ’
649 477 1061 552 cunarummuiu
1098 475 1379 550 sirninuss.

306 618 371 694 das
388 616 601 706 declaravit,
621 618 735 724 signis
755 618 988 695 miraculosis
1007 619 1254 725 sequentibus
1274 646 1386 724 super
1400 618 1478 694 viro
1501 635 1539 693 et
1563 620 1722 697 muliere

304 748 624 838 Andomaricolis3
643 748 797 825 demum
812 750 851 823 in
870 751 997 833 theca,
1014 749 1112 825 miro
1129 749 1264 826 decore
1283 766 1429 834 ornata,
1449 749 1631 853 reposuit,
1649 779 1723 854 que
1760 816 1771 843 ,

305 885 482 958 hactenus
503 908 619 986 penes
643 908 711 956 nos
731 897 906 967 servatur,
930 879 1044 956 veluti
1066 897 1168 984 patet
1186 908 1255 986 per
1276 879 1346 956 hec
1367 897 1486 956 metra
1508 877 1722 986 sequentia,
1796 965 1804 981 ⁵

307 1015 354 1087 ad
375 1010 744 1088 commendationem
763 1010 1086 1088 contribuensium
1108 1011 1223 1096 edita,
1241 1011 1313 1086 hoc
1329 1011 1470 1086 modo:
1593 1048 1596 1052 ⁴

597 1204 814 1273 Clauditurhoc
831 1232 931 1294 opere,
948 1210 1028 1293 quod
1043 1213 1168 1291 gemmis
1179 1211 1271 1293 fulget
1281 1223 1311 1272 et
1324 1232 1385 1276 ere.

597 1315 642 1374 Ad
656 1314 745 1374 decus
759 1313 893 1382 ecclesie,
912 1325 1009 1374 sancte
1024 1313 1142 1394 digitulo
1161 1314 1260 1374 Marie.

597 1416 686 1496 Virgo
701 1417 806 1484 Maria,
826 1429 911 1475 tuum
924 1414 1058 1496 digitalc,
1076 1428 1201 1497 tuosque
1216 1416 1334 1498 capillos

595 1519 654 1591 Qui
667 1519 709 1576 sic
722 1518 801 1583 texit,
817 1538 886 1577 eum
900 1516 1034 1597 precibus
1050 1519 1170 1583 tuearis,
1185 1529 1214 1575 et
1227 1516 1291 1576 illos
1358 1547 1361 1554 ·

596 1620 673 1678 Huic
691 1619 771 1700 operi
786 1640 839 1676 sua
853 1619 904 1699 qui
921 1617 1075 1676 tribuendo
1089 1617 1167 1677 luere
1181 1618 1316 1699 benigni,

596 1721 717 1801 Semper
729 1719 766 1779 ab
777 1718 891 1778 insidiis
909 1719 999 1777 hostis
1012 1718 1134 1779 deiende
1147 1718 1277 1800 maligni.

537 1886 541 1891 ,
595 1821 657 1881 lloc
672 1821 724 1880 tibi
737 1834 852 1902 gratum
865 1822 902 1880 sit
915 1820 1086 1880 fabricatum
1104 1843 1153 1880 vas
1171 1842 1226 1902 ope
1240 1818 1355 1883 Christi.
1368 1814 1371 1819 ¹

595 1924 717 1984 Fabrice
732 1922 839 1983 mundi
856 1922 1057 1983 fabricatorem
1078 1923 1214 2002 genuisti.

597 2027 651 2087 Per
666 2039 708 2094 te,
727 2024 855 2092 Christe,
869 2026 930 2092 via,
945 2046 1035 2107 quem
1054 2045 1169 2106 semper
1183 2025 1263 2105 virgo
1281 2024 1385 2091 Maria,

598 2127 644 2186 Nil
663 2138 801 2209 operante
818 2127 892 2196 viro,
908 2126 1103 2186 circumdedit
1112 2126 1214 2186 ordine
1232 2128 1322 2193 mim,

600 2229 691 2314 Cujus
712 2231 741 2288 in
763 2229 817 2290 hec
834 2249 905 2289 cura
923 2227 1066 2310 vigilavit,
1086 2226 1152 2287 luce
1170 2227 1283 2295 lutura,

600 2334 658 2392 Pax
672 2332 724 2392 ubi
739 2353 807 2392 vera
822 2331 921 2399 datur,
937 2353 988 2414 per
1004 2342 1032 2391 te
1050 2332 1113 2391 sine
1126 2329 1186 2390 fine
1199 2330 1334 2390 fruantur

596 2435 673 2496 Huic
689 2435 769 2518 operi
780 2435 881 2495 dantes
894 2455 1012 2517 operam
1024 2432 1070 2494 sel
1080 2451 1158 2514 opes.
1176 2430 1302 2512 [Tua¹],
1320 2433 1417 2498 Petre,

596 2537 657 2598 Hoc
676 2537 744 2597 soris
760 2535 881 2598 exclusit
897 2537 1013 2604 Petrus,
1030 2535 1210 2617 interiusque
1226 2535 1345 2594 reclusit

638 2638 707 2699 Arte
724 2659 875 2721 manuque
892 2660 960 2706 sua,
979 2638 1112 2720 pignera,
1132 2634 1234 2702 Paule,
1254 2648 1319 2701 tua;

639 2743 705 2803 Mox
721 2755 753 2802 ut
772 2762 845 2824 opus
864 2740 954 2802 suerit
970 2741 1133 2821 experiatur
1149 2759 1244 2821 opem.

935 2989 1088 3063 XLIV.

618 3188 763 3239 Quantus
784 3188 874 3229 ABBAS
898 3189 1006 3229 NOSTER
1030 3189 1081 3231 Diu
1106 3188 1234 3230 sessuri
1255 3190 1406 3231 reuulsus.

360 3351 407 3426 Ut
431 3367 558 3425 autem
585 3349 631 3425 de
655 3350 767 3455 gostis
795 3349 909 3455 hujus
932 3347 1075 3425 abbatis
1106 3349 1269 3426 breviter
1294 3349 1537 3436 concludam,
1563 3375 1723 3454 semper,

303 3479 486 3585 quamdiu
507 3506 661 3583 compos
680 3479 737 3555 sui
760 3478 896 3569 extitit,
918 3478 1086 3556 studium
1108 3478 1189 3584 ejus
1217 3497 1254 3554 ot
1277 3479 1438 3556 intentio
1454 3481 1493 3554 in
1514 3476 1725 3555 edificando
1836 3566 1841 3574 .
1895 3519 1899 3527 ·

303 3609 444 3715 aliquid
466 3609 523 3685 vel
548 3608 767 3686 lubricando
789 3609 876 3700 tuit,
902 3608 959 3685 vel
985 3608 1103 3685 eciam
1127 3607 1370 3715 acquirendo.
1396 3611 1539 3687 -Verum
1564 3624 1726 3714 quatuor

303 3741 427 3830 annis,
448 3740 506 3816 vel
527 3738 639 3845 paulo
660 3739 760 3846 plus,
786 3757 871 3815 anto
898 3768 1010 3816 suum
1034 3740 1198 3829 obitum,
1221 3740 1367 3816 lebrem
1394 3757 1613 3847 quartanam
1632 3736 1726 3812 inci-

303 3872 410 3958 dens,
429 3900 515 3946 cum
537 3869 614 3946 sero
630 3871 773 3947 cunctis
790 3869 942 3961 diebus,
961 3870 1056 3947 sicut
1075 3869 1246 3976 superius
1262 3870 1439 3961 diximus,
1456 3868 1584 3974 tepide
1603 3867 1645 3966 in
1664 3893 1725 3941 re-

303 4001 442 4109 ligiono
464 4001 610 4077 vixisset
631 4019 668 4077 et
688 4002 857 4091 remisse,
889 4017 1036 4108 accepta
1063 4002 1109 4077 de
1130 4000 1347 4078 necessitate
1369 3999 1596 4076 infirmitatis
1622 4024 1726 4074 occa-

302 4132 422 4220 sione,
439 4133 525 4238 quia
546 4132 790 4238 quartanariis
811 4130 978 4207 delicatis
999 4131 1091 4208 cibis
1108 4148 1146 4209 et
1166 4133 1309 4238 optimo
1325 4132 1411 4208 vino
1427 4131 1482 4207 uti
1507 4129 1723 4234 precipitur,

302 4264 406 4364 potui
429 4279 466 4337 et
485 4261 713 4367 sumptuosis
734 4260 855 4367 epulis
876 4260 989 4336 nimis
1009 4261 1203 4338 indulsitl.

347 4460 352 4489 ¹
378 4460 584 4544 supplevimus
600 4474 656 4520 tua.
1042 4476 1071 4524 et
1080 4462 1273 4525 intolerabiles
1287 4461 1509 4531 dolores,velud
1519 4463 1669 4545 quendam
1679 4481 1727 4522 ne
1817 4526 1823 4541 ⁸

344 4563 353 4592 ¹
376 4564 418 4624 ltu
436 4563 517 4647 quod
533 4563 607 4624 illud
623 4565 714 4625 Boetii
731 4565 883 4626 manifeste
900 4567 931 4626 in
951 4588 985 4628 eo
1041 4568 1134 4651 quitie
1154 4566 1297 4635 fructum,
1321 4564 1483 4626 fruentium
1505 4566 1599 4627 solent
1620 4564 1725 4625 inferre

303 4668 449 4729 videretur
463 4666 591 4749 impleri,
613 4667 740 4728 nMultos
755 4667 858 4731 delicie
868 4669 985 4732 morbos
1042 4669 1242 4752 corporibus·
1264 4669 1298 4729 ln
1313 4690 1399 4752 marg.
1424 4667 1490 4728 Cod.
