4478 5842
1048 543 1456 620 CHARTULARIUM
1519 543 1521 549 ’

1135 829 1355 902 LXXXII.

593 1027 779 1121 Quoniam
805 1051 845 1098 ea
864 1050 947 1130 quse
964 1022 1098 1098 litteris
1118 1022 1392 1130 imprimuntur
1412 1023 1561 1101 firmius
1582 1042 1772 1115 tenentur,
1795 1028 1840 1104 de
1859 1046 1958 1106 terra

538 1160 680 1235 Sanctae
695 1153 905 1243 Trinitatis,
922 1183 1005 1259 quae
1028 1152 1148 1230 insula
1165 1154 1304 1233 Oscelli
1322 1152 1379 1232 vel
1400 1154 1605 1232 Turhulmi
1622 1158 1795 1252 dicitur¹,
1818 1159 1958 1268 placuit

536 1287 689 1364 fidelem
715 1304 752 1361 et
771 1285 1077 1390 compendiosam
1100 1283 1220 1361 lacere
1245 1285 1555 1391 descriptionem,
1583 1305 1619 1365 et
1646 1291 1776 1368 multis
1800 1320 1841 1367 ac
1865 1294 1959 1369 veris

536 1416 727 1495 suffultam
756 1417 979 1493 testimoniis
1001 1415 1134 1493 utilem
1163 1416 1322 1522 posteris
1347 1420 1514 1523 pandere
1534 1419 1732 1499 rationem.
1752 1421 1956 1529 Postquam
2073 1488 2076 1492 a

535 1551 637 1624 enim
653 1548 803 1623 inclitus
818 1574 943 1622 comes
957 1547 1191 1623 Normanniae
1207 1564 1247 1623 et
1262 1547 1428 1624 marchio
1444 1547 1665 1639 Rotbertus,
1686 1569 1724 1628 et
1738 1550 1861 1629 fidelis
1878 1552 1959 1659 ejus

536 1679 747 1766 Gozelinus,
766 1679 971 1753 vicecomes
986 1677 1032 1752 de
1046 1676 1190 1768 Archis,
1206 1676 1400 1754 ecclesiam
1412 1678 1554 1755 Sanctae
1567 1678 1761 1757 Trinitatis
1773 1683 1812 1757 in
1827 1700 1957 1759 monte

534 1808 729 1915 Rotomagi
765 1824 1072 1895 construxerunt,
1103 1806 1274 1885 dedicata
1305 1824 1361 1884 est
1390 1808 1437 1885 ab
1469 1809 1747 1917 archiepiscopo
1774 1809 1956 1889 Rotberto

535 1941 705 2047 ejusdem
727 1936 846 2030 urbis,
870 1956 907 2014 et
929 1934 1010 2015 aliis
1031 1936 1226 2045 episcopis.
1250 1935 1426 2015 Interfuit
1446 1937 1536 2015 huic
1561 1937 1789 2018 dedicationi
1809 1956 1956 2019 memo-

534 2088 634 2147 ratus
651 2067 825 2176 princeps
843 2099 928 2145 cum
947 2069 1194 2174 optimatibus
1214 2067 1306 2161 suis,
1329 2086 1367 2146 ct
1387 2069 1538 2175 copiosa
1556 2068 1802 2148 multitudine
1823 2065 1955 2179 plebis.

532 2199 574 2277 ln
590 2201 662 2278 hoc
678 2200 791 2307 igitur
811 2215 996 2275 conventu
1016 2198 1226 2304 prelibatus
1239 2199 1296 2276 vir
1315 2196 1535 2287 Gozelinus‚
1558 2229 1644 2276 cum
1663 2200 1823 2307 conjuge
1838 2229 1904 2278 sua
1920 2219 1958 2279 et

485 2318 492 2326 ²
533 2330 637 2422 filiis,
666 2331 752 2408 lecit
780 2329 1022 2408 donationem
1047 2331 1095 2408 de
1118 2330 1195 2408 suis
1220 2331 1349 2419 rebus,
1376 2358 1469 2437 quas
1496 2328 1602 2407 dedit
1621 2330 1868 2420 monasterio,
1898 2350 1953 2420 et,

532 2461 630 2539 inter
643 2462 713 2539 alia
726 2463 782 2539 sui
792 2462 888 2570 juris
898 2461 1028 2566 predia
1042 2478 1080 2539 et
1093 2463 1207 2554 dona,
1223 2457 1385 2539 insulam
1399 2459 1556 2551 Oscelli,
1572 2489 1654 2568 quae
1670 2476 1708 2537 et
1719 2458 1955 2540 Turhulmus

533 2591 680 2681 dicitur,
695 2592 835 2670 Sanctae
853 2590 1028 2668 Trinitati
1043 2609 1080 2668 et
1094 2591 1287 2670 monachis
1304 2591 1401 2699 ejus,
1414 2589 1500 2699 jure
1515 2587 1744 2668 hereditario
1758 2589 1953 2698 possiden-

532 2723 617 2799 dam
636 2722 754 2800 libere
777 2740 814 2800 et
833 2720 1004 2800 absolute
1025 2723 1200 2813 tradidit,
1222 2738 1394 2828 presente
1420 2719 1635 2827 supradicto
1656 2722 1751 2798 duce
1771 2703 1954 2799 Rotberto

532 2867 569 2929 et
588 2871 798 2941 annuente,
819 2884 859 2930 ac
878 2883 952 2931 suae
973 2853 1272 2932 confirmationis
1292 2848 1416 2961 sigillo
1437 2852 1656 2945 roborante,
1673 2851 1793 2929 sedet
1812 2852 1956 2929 cunctis

532 2985 596 3088 qui
619 2986 666 3059 ad
692 2985 969 3062 dedicationem
993 3002 1240 3063 convenerant
1263 2982 1507 3061 audientibus
1529 3001 1567 3060 et
1584 2982 1804 3060 laventibus.
1830 2980 1954 3076 Quam

530 3112 691 3188 insulam
725 3112 888 3189 domnus
919 3112 1165 3203 isembertus,
1192 3113 1340 3220 primus
1367 3111 1538 3221 ejusdem
1564 3113 1725 3191 coenobii
1755 3112 1889 3204 abbas,
1918 3129 1956 3190 et

532 3245 694 3319 domnus
714 3242 827 3319 abbas
848 3243 1062 3333 Rainerius,
1083 3272 1272 3320 successor
1292 3244 1389 3349 ejus,
1414 3241 1584 3351 quandiu
1604 3245 1794 3336 vixerunt,
1812 3242 1954 3349 absque

530 3374 606 3451 ulla
630 3374 840 3481 calumpnia
862 3390 899 3451 et
924 3374 1221 3452 contradictione
1246 3391 1466 3451 tenuerunt.
1488 3373 1558 3452 His
1572 3376 1620 3451 ab
1644 3375 1714 3451 hac
1741 3375 1826 3452 luce
1846 3373 1954 3451 subs-

529 3505 673 3595 tractis,
710 3507 851 3583 domno
884 3505 1018 3583 abbate
1045 3503 1232 3584 Walterio
1264 3503 1481 3582 coenobium
1509 3503 1764 3612 gubernante,
1798 3503 1952 3612 quidam

529 3637 696 3714 Ebroicae
722 3636 828 3713 urbis
852 3637 1065 3743 episcopus,
1095 3634 1250 3712 nomine
1276 3632 1544 3723 Gislebertus²,
1573 3663 1686 3740 quam
1714 3663 1827 3712 nemo
1852 3651 1954 3711 ante-

531 3796 720 3845 cessorum
737 3796 893 3843 suorum
912 3764 1064 3854 lecerat,
1083 3763 1332 3869 calumpniam
1350 3763 1501 3870 prefatae
1517 3762 1647 3841 insulae
1663 3762 1806 3841 Sanctae
1827 3762 1954 3839 Trini-

528 3898 612 3974 tatis
627 3899 807 3989 intendit,
830 3927 911 4004 quae
928 3925 1047 4002 usque
1066 3897 1114 3971 ad
1131 3894 1271 4004 regiain
1292 3893 1417 3971 aulam
1438 3894 1618 4000 pervenit.
1638 3893 1814 4000 Ineptum
1829 3892 1951 3970 visum

529 4045 585 4136 est
604 4031 681 4137 regi
706 4027 903 4108 Willelmo
926 4027 972 4105 de
993 4026 1057 4104 illa
1077 4044 1177 4105 terra
1200 4024 1311 4103 alicui
1339 4024 1569 4103 audientiam
1597 4023 1703 4114 dare,
1731 4053 1813 4135 quae
1838 4026 1953 4132 patris

528 4161 585 4237 sui
602 4161 703 4239 dono
723 4160 816 4237 tanti
840 4158 1021 4266 temporis
1042 4158 1177 4265 spatio,
1195 4158 1325 4248 idest,
1348 4184 1369 4233 t
1389 4185 1575 4234 annorum
1596 4155 1716 4234 libera
1733 4156 1949 4234 monasterii

527 4291 665 4382 luerat,
682 4293 747 4367 sed
760 4310 907 4376 tamen,
925 4291 974 4368 ob
988 4289 1233 4366 reverentiam
1248 4285 1470 4397 episcopalis
1485 4315 1671 4393 personae,
1690 4285 1869 4394 placitum
1883 4285 1952 4377 ,de-

577 4482 583 4512 ¹
607 4485 707 4545 Postea
724 4485 761 4544 de
781 4485 921 4546 Bedasne.
1267 4482 1376 4553 insula,
1387 4504 1478 4566 quam
1489 4504 1559 4542 avus
1574 4481 1651 4543 illius
1667 4480 1821 4544 Gooetinus
1835 4501 1949 4541 monas·

580 4586 590 4615 ¹
613 4586 806 4654 Gislebertus,
833 4591 986 4672 episcopus
1013 4586 1208 4654 Ebroicensis,
1267 4586 1338 4647 terio
1359 4585 1469 4647 Sancte
1489 4585 1637 4645 Trinitatis
1661 4582 1789 4645 dederat.
1811 4583 1950 4644 ductores

527 4691 607 4752 filius
631 4702 692 4752 erat
713 4689 862 4752 Godetrtdt
883 4689 1059 4758 Archarum,
1082 4689 1134 4750 titii
1158 4690 1210 4750 Os·
1268 4687 1369 4751 Gatttoe
1386 4687 1539 4749 christiane
1558 4686 1656 4749 ierunt
1670 4685 1867 4751 Gislebertum
1887 4705 1950 4746 esse

528 4793 611 4856 berni
629 4795 666 4855 de
685 4791 792 4853 Rolbec
805 4805 834 4854 ct
851 4793 1003 4876 progeneri
1017 4791 1146 4854 Gozelini
1159 4794 1210 4855 Ar
1266 4790 1360 4853 filium
1380 4791 1521 4861 osberni,
1539 4789 1626 4875 hujus
1646 4799 1745 4852 nutem
1765 4800 1828 4850 erat
1844 4809 1951 4871 nepos.

528 4897 651 4958 eliensis.
669 4896 710 4958 Eo
727 4899 796 4981 jure
817 4893 1010 4958 contendebat
1035 4894 1072 4956 de
1094 4894 1209 4957 Oscatto
1265 4914 1325 4954 non
1340 4893 1428 4955 titius.
