4478 5842
290 476 364 550 2218
637 481 1054 554 CHARTULARIUM
1081 420 1360 555 SITHIENSE.

287 618 518 711 devolvatur,
541 620 589 695 ad
609 623 785 696 comitem
799 650 886 698 vero
906 622 980 698 due
1003 640 1127 727 partes
1146 622 1358 697 substancie
1374 619 1565 697 redibunt.
1588 621 1706 697 Porro

289 750 401 826 abbas
421 749 633 857 placitabit,
653 769 690 826 ot
698 751 886 857 justiciam
908 751 1016 829 faciet
1030 753 1070 828 in
1087 751 1296 856 supradicta
1318 752 1415 828 villa.

344 919 356 948 r
372 882 504 959 Actum
520 882 559 955 in
573 880 659 957 villa
678 882 883 972 Furnensi,
899 910 998 958 anno
1013 883 1168 959 Domini
1184 882 1386 960 millesimo
1413 884 1617 959 centesimo
1638 883 1706 958 de·

290 1012 398 1089 cimo.

457 1176 602 1257 «Signum
627 1175 771 1242 Ronumr,
797 1179 910 1239 comitis
927 1178 1062 1259 junioris.
1086 1177 1210 1258 Signum
1230 1178 1394 1249 enniano,
1416 1180 1562 1262 prepositi.
1584 1161 1707 1259 Signum

500 1277 587 1337 Anau
608 1277 645 1337 de
665 1278 843 1345 Formesele.
866 1290 895 1339 et
917 1278 1050 1339 eliorum.
1063 1279 1188 1360 Signum
1202 1280 1389 1351 Tuniuuum,
1410 1280 1567 1342 castellani.
1584 1278 1708 1360 Signum

500 1380 663 1448 Fnoonrui,
679 1381 835 1441 castellani.
857 1382 981 1464 Signum
1003 1382 1177 1452 Fcomnrn,
1193 1383 1368 1446 castellani.»

892 1624 1167 1744 xxxvn,'

289 1868 452 1910 eoucottma
475 1869 564 1909 turen
590 1867 725 1908 Anouruu
750 1864 929 1909 canamus!
952 1870 1052 1910 seueri
1075 1870 1192 1911 uenum
1216 1872 1251 1909 ΕΤ
1274 1872 1454 1912 LAMBERTUM
1477 1874 1515 1912 DE
1538 1870 1712 1919 neumam.

739 1971 776 2010 DE
797 1971 968 2013 uiuisrsstuo
990 1973 1027 2013 DE
1050 1972 1266 2015 communitati.

348 2171 512 2246 «Notum
538 2169 585 2245 sit
606 2171 784 2247 omnibus
806 2171 911 2276 quod
932 2170 1017 2245 villa
1041 2171 1335 2279 Poperinghem,
1357 2201 1470 2279 quam
1493 2170 1711 2276 Arnulphus

290 2329 415 2378 comes
425 2318 550 2377 sancto
560 2301 713 2377 bertino
728 2300 901 2389 tradidit,
918 2328 1003 2375 cum
1017 2302 1195 2377 comitatu
1212 2302 1328 2407 ipsius
1336 2302 1442 2393 ville,
1457 2331 1525 2408 pro
1542 2303 1712 2407 redemp-

278 2423 390 2507 ¹tione
409 2431 534 2506 anime
553 2458 636 2521 sue,
661 2447 698 2506 et
721 2448 798 2506 tam
819 2459 1080 2506 successorum
1105 2460 1277 2522 suorum,
1300 2432 1474 2508 videlicet
1506 2431 1708 2515 comitum,

288 2592 401 2669 qnam
424 2563 748 2667 predecessorum,
771 2563 809 2637 in
829 2590 963 2668 magna
977 2590 1065 2667 pace
1080 2561 1151 2638 fuit
1166 2593 1286 2669 usque
1303 2564 1351 2639 ad
1365 2582 1515 2668 tempus
1533 2563 1710 2668 quoodo

291 2694 337 2768 de
368 2693 570 2800 Reningels
603 2691 854 2770 ministerium
881 2692 1063 2781 obtinuit,
1095 2692 1161 2799 qui
1190 2722 1317 2799 pravas
1351 2692 1641 2769 consuetudines
1672 2692 1711 2768 in

291 2822 422 2897 eadem
434 2821 521 2897 villa
536 2820 705 2911 elevavit,
723 2823 839 2913 unde,
855 2841 1006 2899 mortuo
1021 2823 1169 2912 Odone,
1187 2823 1258 2899 hec
1271 2823 1468 2900 conventio
1482 2820 1575 2897 lacta
1591 2837 1647 2898 est
1662 2822 1714 2897 in·

290 2972 348 3028 ter
370 2930 629 3039 Lambertum,
647 2951 771 3028 filium
788 2954 883 3058 ejus,
905 2971 941 3027 et
961 2954 1134 3028 abbatem
1156 2956 1272 3030 sancti
1287 2955 1446 3042 Bertini,
1470 2952 1710 3030 Lambertum

293 3082 458 3156 nomine.
470 3082 558 3156 Post
570 3095 732 3154 mortem
748 3080 937 3183 siquidem
948 3082 1110 3170 Odonis,
1124 3084 1363 3171 Lambcrtus,
1382 3081 1484 3158 filius
1500 3083 1599 3186 ejus,
1611 3083 1714 3161 veuit

292 3212 339 3288 ad
359 3211 532 3288 abbatem
550 3208 813 3296 Lambertum,
843 3237 977 3314 rogans
998 3238 1084 3285 eum
1102 3227 1144 3285 ut
1165 3212 1268 3314 quod
1287 3230 1393 3315 pater
1413 3240 1505 3288 suus
1526 3212 1571 3287 ab
1594 3241 1638 3288 eo
1655 3230 1714 3289 te-

293 3358 440 3431 nuerat,
463 3340 602 3418 scilicet
615 3338 807 3446 quoddam
823 3336 977 3415 feodum
996 3339 1176 3429 interris,
1199 3357 1237 3415 et
1255 3339 1507 3415 ministerium
1530 3340 1576 3415 de
1593 3341 1715 3445 Pope—

292 3474 465 3581 ringliem
481 3473 514 3550 ei
533 3470 724 3561 redderet,
747 3470 909 3548 offerens
924 3468 1122 3575 pecuniam
1137 3498 1206 3574 pro
1222 3468 1445 3545 ministerio.
1467 3468 1591 3545 Abbas
1604 3477 1711 3562 vero,

290 3604 566 3681 communicato
584 3600 740 3677 consilio
757 3631 843 3677 cum
864 3598 1026 3706 capitulo
1047 3595 1201 3675 ecclesie
1223 3615 1260 3674 et
1278 3598 1498 3675 hominibus
1518 3599 1612 3688 suis,
1635 3601 1715 3677 seo·

290 3736 382 3812 dum
400 3735 556 3842 quidem
576 3750 675 3808 terre
692 3732 921 3822 concedens,
944 3729 1197 3806 ministerium
1214 3728 1373 3805 reddere
1394 3728 1537 3818 noluit,
1559 3746 1713 3835 propter

184 3847 185 3850 Ἴ
291 3896 441 3976 magnas
466 3863 670 3971 injusticias
692 3877 729 3939 et
749 3859 998 3938 forisfacturas
1020 3889 1112 3967 quas
1135 3876 1241 3965 pater
1264 3858 1344 3965 ejus
1362 3857 1517 3950 lecerat,
1540 3858 1713 3938 videlicet

293 3996 536 4106 depredando
555 3993 730 4071 homines
747 3992 880 4080 sancti,
904 4007 1033 4068 contra
1047 3989 1237 4097 justiciam
1258 4006 1296 4065 et
1315 3988 1545 4066 voluntatem
1564 3990 1711 4066 monaci

293 4129 594 4235 procurationem
614 4123 700 4200 ville
722 4122 912 4211 habentis,
932 4138 970 4198 et
994 4121 1074 4196 sine
1085 4120 1225 4228 juditio
1248 4120 1503 4208 scabinorum,
1521 4135 1557 4195 et
1571 4134 1713 4196 coactas

293 4262 493 4364 petitiones
505 4255 689 4333 faciendo.
702 4255 749 4331 Et
761 4282 847 4330 cum
860 4252 907 4328 ad
922 4280 1029 4341 eum,
1047 4251 1118 4327 nisi
1134 4251 1302 4327 decimus
1317 4278 1497 4326 nummus
1509 4248 1556 4325 de
1569 4248 1714 4354 placitis

294 4390 521 4495 pertineret,
538 4386 706 4490 reliquos
719 4411 870 4472 novem,
889 4398 927 4458 et
942 4398 1063 4457 cetera
1078 4410 1151 4487 que
1168 4380 1214 4456 de
1227 4379 1371 4484 placitis
1386 4380 1434 4456 ad
1449 4380 1623 4456 abbatem
1635 4404 1716 4484 per·

293 4519 480 4609 tinebant,
495 4515 619 4592 abbati
634 4533 672 4591 ct
687 4513 841 4591 ecclesie
855 4512 1040 4590 violenter
1054 4510 1256 4588 auferebat.
1274 4510 1431 4588 Timens
1447 4539 1534 4588 vero
1547 4508 1663 4587 abbas
1677 4526 1716 4587 et

293 4650 424 4728 iratres
439 4675 487 4723 ne
505 4645 647 4723 similes
667 4644 768 4720 filius
787 4644 994 4751 injusticias
1007 4641 1162 4731 laceret,
1186 4640 1257 4717 sub
1274 4639 1493 4718 testimonio
1508 4658 1546 4718 et
1562 4666 1715 4747 presen-

295 4785 344 4860 tia
354 4781 510 4859 fratrum
523 4795 562 4855 et
574 4775 739 4854 militum
760 4803 932 4867 suorum,
951 4773 1076 4851 eidem
1090 4772 1291 4850 lamberto
1307 4772 1558 4850 ministerium
1573 4773 1621 4851 ad
1634 4798 1715 4850 cus·
