4478 5842
629 472 752 544 raas
779 454 1023 545 saeuum.
1043 469 1323 552 --smours
1351 470 1443 541 tre.
1470 471 1520 541 11.
1705 467 1778 537 225

365 617 495 722 gratia,
518 614 753 693 Morinorum
777 613 989 719 episcopus,
1011 628 1145 688 uotum
1170 609 1251 687 lieri
1278 611 1387 715 cupio
1408 629 1491 687 tam·
1511 609 1648 685 futuris
1667 637 1779 714 quam

365 746 616 850 presentibus,
634 746 736 850 quia,
758 745 797 820 in
820 744 880 819 die
902 742 1190 820 consecrationis
1204 740 1355 818 basilice
1370 740 1470 816 beati
1491 740 1649 830 Remini,
1664 732 1740 844 ¹que
1762 765 1781 812 a

366 875 491 966 nobis,
513 894 700 982 prestante
720 877 903 964 Domino,
927 874 1019 950 sacta
1040 892 1110 965 est,
1135 901 1234 949 anno
1247 872 1362 951 Verbi
1383 871 1560 949 incarnati
1580 868 1781 947 millesimo

368 1008 572 1084 centesimo
593 1024 712 1096 sexto,
728 1034 815 1096 nos,
829 1021 914 1109 post
931 1005 1126 1081 missarum
1146 998 1389 1107 sollempnia,
1413 1002 1590 1079 omnibus
1608 1004 1679 1078 rite
1698 1029 1784 1107 per-

371 1139 476 1229 actis,
504 1139 596 1213 dum
616 1137 663 1213 ad
688 1137 823 1212 atrium
850 1135 1101 1211 dedicandum
1118 1135 1426 1239 procederemus,
1454 1162 1609 1240 corpora
1638 1149 1784 1210 sancto-

370 1297 454 1344 rum
477 1267 698 1356 Audomari,
721 1265 882 1355 Be1tini‚
914 1263 1090 1371 Folquini
1115 1282 1226 1369 atque
1247 1263 1378 1341 Silvini
1397 1263 1522 1339 debita
1546 1264 1784 1340 veneratione

370 1398 558 1501 subsecuti
578 1425 722 1485 sumus3
738 1395 876 1471 deiude
894 1422 998 1484 vero,
1015 1423 1191 1470 unacum
1207 1394 1452 1469 multitudine
1466 1393 1555 1468 cleri
1576 1423 1618 1469 ac
1635 1393 1782 1498 populi,

369 1554 436 1631 per
460 1526 631 1603 inedium
658 1526 759 1603 ssuvii
782 1525 969 1630 Agnione,
995 1551 1072 1629 quo
1092 1523 1267 1599 videlicet
1293 1523 1464 1628 ejusdem
1492 1522 1640 1599 cenobii
1664 1524 1786 1600 insula

369 1657 550 1746 ambitur,
572 1655 717 1762 navigio
743 1648 996 1742 circumvecti,
1021 1654 1163 1730 eisdem
1188 1654 1323 1730 sanctis
1343 1642 1579 1759 presentibus
1604 1670 1642 1730 et
1661 1654 1786 1732 nobis-

369 1815 475 1877 cum,
492 1814 560 1892 per
573 1785 643 1862 Dei
655 1786 827 1893 gratiam,
842 1801 886 1861 ut
902 1785 1033 1875 credo,
1051 1783 1357 1887 cooperantibus,
1374 1801 1498 1860 totum
1514 1784 1609 1861 infra
1624 1785 1784 1890 spatium

369 1946 489 2022 usque
510 1917 558 1993 ad
578 1917 695 2022 ipsam
710 1914 901 1991 basilicam
922 1915 1209 2019 circumquaque
1230 1914 1468 2003 sacravimus;
1486 1944 1614 1992 cruces
1632 1945 1785 2023 quoque

370 2077 389 2122 a
404 2034 567 2152 quatuor
581 2043 748 2152 partibus
764 2045 848 2121 atrii
864 2042 1070 2153 affigentes,
1093 2043 1290 2149 episcopali
1313 2042 1578 2121 benedictione
1605 2047 1786 2156 sollemp-

371 2179 470 2255 niter
482 2176 787 2284 consignavimus.
802 2176 918 2284 Cujus
931 2176 985 2252 rei
999 2193 1112 2252 testes
1127 2174 1380 2251 interfuerunt
1397 2174 1589 2266 Odardus,
1612 2177 1787 2254 Camera-

371 2308 490 2386 censis
506 2309 716 2414 episcopus,
739 2337 825 2383 cum
843 2307 1114 2385 archidiaconis
1133 2307 1209 2383 suis
1229 2307 1408 2386 Anselmo
1428 2326 1540 2413 atque
1566 2309 1784 2414 Radulph0;

371 2438 494 2515 clerici
513 2466 601 2515 vero
614 2440 890 2529 Taruanenses,
909 2437 1113 2514 Herbertus
1131 2455 1169 2514 et
1184 2437 1420 2543 Arnulphus,
1435 2437 1705 2531 archidiaconi,
1729 2470 1788 2517 ce-

369 2571 514 2676 terique
534 2568 776 2675 quamplures
794 2585 871 2644 tam
891 2568 975 2644 laici
988 2597 1102 2674 quam
1122 2567 1257 2644 clerici.
1277 2568 1503 2674 Quicunque
1520 2569 1643 2674 igitur,
1660 2589 1787 2648 contra

371 2700 467 2776 hauc
483 2716 609 2776 nostre
634 2697 881 2774 immunitatis
902 2698 1094 2803 paginam,
1124 2697 1336 2802 predictum
1359 2698 1495 2776 atrium
1513 2698 1716 2808 infringere
1730 2704 1788 2779 vel

372 2829 618 2919 imminuere,
637 2847 700 2907 aut
723 2860 743 2906 a
761 2830 847 2936 jure
876 2827 1030 2904 ecclesie
1049 2828 1149 2904 beati
1170 2827 1312 2904 Bertini
1332 2829 1454 2935 aliqua
1483 2832 1675 2911 occasione
1699 2834 1789 2911 alie-

371 2986 459 3034 nare
483 2962 767 3065 presumpserit,
797 2959 887 3050 uisi,
919 2958 1134 3037 admonitus
1159 2958 1240 3036 Deo
1269 2977 1306 3035 et
1334 2957 1526 3052 fratribus,
1551 2962 1786 3055 satisfecerit,

372 3073 499 3166 eterne
519 3089 794 3169 maledictionis
824 3087 981 3192 vinculis
1005 3087 1208 3194 subjaceat,
1237 3106 1351 3194 atque
1372 3109 1495 3167 reatus
1519 3090 1575 3168 sui
1609 3122 1724 3199 penas
1750 3096 1788 3169 in

373 3218 433 3295 die
456 3221 644 3296 tremendi
672 3221 850 3298 examinis
875 3219 1145 3325 perpetualiter
1165 3219 1337 3297 exsolvat.

429 3349 594 3426 «Datum
604 3351 817 3442 Taruenne,
832 3377 931 3426 anno
944 3348 1058 3427 Verbi
1073 3348 1253 3426 incarnati
1264 3348 1466 3428 millesimo
1480 3352 1684 3429 centesimo
1698 3356 1793 3432 duo·
1850 3364 1854 3369 ’

377 3478 534 3559 decimo.

584 3641 731 3724 «Signum
745 3644 902 3711 Jomums.
917 3644 1133 3705 Taruennensis
1148 3643 1306 3737 episcopt·

1029 3891 1138 3964 xlv.

374 4088 527 4131 EXEUPLAR
538 4090 633 4131 CARTB
644 4090 778 4131 suuntur!
794 4090 936 4139 EPISGOPI.
950 4091 988 4132 DE
1002 4091 1154 4133 Cffll'rfllllo
1167 4091 1298 4134 recursi!
1313 4091 1411 4134 SANCTI
1427 4092 1540 4135 nicom
1555 4097 1592 4136 DE
1604 4097 1792 4141 obstetricat.

432 4257 759 4364 «Quiaapostolus
770 4258 876 4348 dicit,
897 4259 1106 4364 Quocunque
1110 4264 1240 4367 facitis
1256 4266 1288 4338 in
1304 4265 1406 4340 verbo
1422 4274 1527 4342 autin
1541 4295 1658 4373 opere,
1678 4274 1792 4348 omnia

374 4393 566 4466 innomine
594 4391 735 4467 Domini
745 4389 884 4497 facim
904 4391 943 4468 in
969 4391 1049 4499 ejus
1071 4391 1186 4498 igitur
1209 4393 1362 4470 nomine
1383 4395 1452 4471 Dei
1476 4398 1593 4476 Patris
1619 4402 1794 4508 omnipo-

375 4518 489 4595 tentis
510 4537 548 4596 et
559 4518 644 4595 Filii
665 4537 703 4596 et
714 4520 874 4627 Spiritus
890 4522 1033 4611 Sancti,
1051 4539 1184 4600 notum
1200 4521 1248 4599 sit
1263 4525 1407 4600 cunctis
1421 4510 1512 4605 fidei
1528 4524 1709 4610 catholice
1724 4535 1796 4611 cul·

377 4649 537 4740 toribus,
555 4652 642 4757 quia
663 4680 732 4759 ego
747 4653 952 4745 lohannes,
967 4652 1038 4730 Dei
1053 4654 1186 4760 gratia,
1205 4653 1440 4732 Morinorum
1457 4658 1669 4766 episcopus,
1689 4664 1796 4739 cimi-

376 4778 529 4882 terium,
545 4782 592 4858 ad
608 4781 829 4860 tumulanda
845 4802 1082 4861 mortuorum
1095 4812 1267 4890 corpora,
1287 4787 1452 4864 concedo
1470 4788 1665 4867 ecclesiole
1680 4793 1796 4868 sancti

1544 4934 1584 4996 ²9
