4478 5842
185 472 257 542 508
535 466 940 543 CHARTULARIUM
972 466 1254 541 SITHIENSE.

181 608 458 715 pontificalibus
479 626 676 686 uterentur
705 608 955 700 indumentis,
980 609 1153 715 vicesque
1180 608 1370 714 pontificis
1392 625 1544 716 agerent
1565 608 1604 684 in

180 739 402 816 Leodicensi
432 739 602 829 ecclesia,
625 740 776 847 quando
802 739 843 815 id
865 738 1035 846 exigebat
1059 736 1280 846 episcopalis
1304 739 1482 816 absentia.
1503 741 1606 815 Exte

180 870 277 946 riora
294 870 564 947 nichilominus
580 869 750 977 ejusdem
767 868 935 960 ecclesie,
949 871 997 946 ad
1011 868 1301 947 similitudinem
1319 869 1605 977 dispensationis

180 1029 311 1079 mense
336 1000 575 1078 Salomonisl
604 1002 655 1076 ita
676 1018 783 1078 erant
809 1000 997 1092 ordinata,
1021 1018 1064 1077 ut
1088 1002 1291 1078 duodecim
1314 1002 1510 1109 prepositi,
1531 1001 1605 1092 sin·¹

179 1130 258 1238 guli
284 1130 441 1238 singulis
473 1130 667 1207 mensibus
698 1131 803 1221 anni,
828 1130 1135 1208 administrarent
1158 1132 1285 1208 omnia
1304 1163 1386 1239 que
1400 1131 1448 1208 ad
1465 1131 1603 1208 victum

179 1258 274 1338 inibi
302 1261 549 1339 servientibus
577 1279 614 1338 et
639 1261 853 1367 hospitibus
878 1262 1227 1369 supervenientibus
1254 1281 1359 1340 erant
1388 1263 1602 1339 necessaria.

179 1393 320 1472 Verum
339 1409 441 1470 tante
463 1393 590 1469 divitie
614 1394 662 1469 ad
682 1408 823 1469 tantam
849 1393 1149 1498 magnitudinem
1176 1393 1406 1500 paupertatis
1429 1420 1607 1499 pervene-

178 1539 269 1600 runt
295 1539 332 1599 et
349 1523 492 1627 inopie,
515 1538 557 1597 ut
576 1522 634 1598 vix
658 1519 836 1596 fratribus
855 1520 1071 1597 sufficerent
1096 1521 1265 1599 subsidia
1287 1522 1374 1601 vite.
1392 1522 1607 1631 Accingitur

179 1653 305 1758 itaque
321 1651 385 1727 ille
398 1680 517 1727 novus
533 1650 581 1725 ad
596 1678 690 1756 opus
703 1649 789 1740 Dci3
807 1667 930 1726 curtes
946 1649 1129 1727 desolatas
1144 1667 1340 1742 restaurat,
1357 1653 1404 1729 ad
1420 1653 1606 1730 culturam

177 1802 277 1861 terre
294 1798 448 1858 eatenus
470 1781 680 1891 neglectam
700 1808 866 1887 congrua
884 1781 1133 1857 instrumenta
1160 1799 1197 1857 et
1223 1781 1397 1858 animalia
1414 1800 1604 1889 preparat,

179 1916 281 1990 intus
300 1929 338 1989 et
359 1912 521 1988 exterius
538 1910 661 1986 diruta
677 1910 888 2000 reedificat,
905 1909 1153 2014 incomposita
1174 1910 1497 2015 disciplinabiliter
1510 1941 1607 1990 com-

178 2046 287 2152 ponit
306 2062 345 2121 et
365 2060 492 2129 ornat,
517 2041 647 2121 hostes
660 2041 905 2119 imminentes
920 2039 1077 2118 ecclesie
1092 2039 1221 2117 turbat
1238 2057 1276 2117 et
1292 2040 1481 2134 exturbat,
1500 2043 1607 2120 adeo

178 2175 304 2285 quein
317 2172 420 2251 brevi
438 2173 477 2247 in
490 2172 596 2248 cultu
609 2168 805 2285 religionis
820 2188 858 2247 et
871 2171 911 2246 in
924 2170 1156 2249 abundantia
1170 2172 1224 2247 rei
1235 2171 1386 2277 proficit
1400 2173 1603 2263 exterioris,

175 2322 238 2399 ut,
255 2302 475 2385 coadunatis
495 2302 696 2408 plusquam
714 2302 948 2410 septuaginta
969 2300 1163 2388 fratribus,
1183 2303 1309 2379 omnia
1328 2302 1606 2380 administraret

176 2432 409 2515 sufficientia.

851 2634 928 2710 111.
973 2735 977 2743 ι

582 2839 619 2879 DE
643 2837 804 2878 ELECTIONE
825 2837 939 2887 Lfflllss,
966 2836 1089 2879 ABMTIS
1110 2835 1222 2879 NOSTRI.

233 3015 341 3090 Hunc
362 3014 476 3120 igitur
496 3012 628 3089 fideles
656 3014 856 3093 Sithiensis
883 3014 1039 3108 ecclesie
1065 3031 1295 3091 censuerunt
1316 3013 1493 3120 prudenti
1515 3041 1605 3090 eon·

177 3141 262 3219 silio
279 3141 601 3231 transferendum,
620 3158 658 3217 et
678 3159 806 3219 contra
826 3143 1011 3250 impetum
1028 3143 1351 3235 Cluniacensium,
1368 3143 1416 3220 ad
1433 3172 1606 3222 enervan-

178 3272 265 3349 dam
293 3300 425 3351 eomm
452 3271 688 3378 superbiam,
716 3274 1000 3379 opponendum.
1032 3274 1298 3352 Communiter
1324 3302 1412 3381 ergo
1440 3272 1601 3383 eligitur,

177 3403 453 3483 honorabiliter
482 3402 693 3493 adducitur,
729 3404 995 3483 incarnationis
1028 3405 1183 3483 Domini
1214 3434 1313 3482 anno
1349 3421 1384 3483 ο0
1413 3404 1602 3483 tricesimo

178 3552 323 3626 octavo,
345 3534 608 3641 sollempniter
622 3536 835 3642 suscipitur,
853 3535 1062 3642 prudenter
1077 3536 1236 3628 cunctis,
1254 3536 1335 3612 Deo
1351 3534 1500 3644 gratias,
1516 3562 1602 3641 pre·

181 3667 315 3743 ficitur.

853 3867 921 3942 IV.

585 4066 623 4106 DE
645 4067 737 4107 rma
760 4067 828 4109 EJUS
852 4067 1052 4109 PROFECTIONE
1077 4066 1191 4109 ΒΟΙΑΙ.

232 4245 375 4351 Vixque
400 4247 511 4322 unius
541 4246 628 4322 anni
654 4247 773 4353 spatio
798 4263 1034 4337 transeunte,
1060 4246 1298 4325 Cluniacensi
1318 4247 1602 4353 importunitate

176 4371 357 4477 pulsatur,
375 4373 510 4452 litteris
526 4376 739 4481 apostolicis
755 4378 803 4454 ad
819 4406 967 4457 causam
986 4396 1179 4466 evocatum
1195 4377 1400 4483 preparatis
1412 4376 1601 4468 omnibus,

177 4529 264 4579 cum
280 4501 454 4607 episcopo
476 4503 710 4585 Atrebatensi
733 4511 875 4587 domno
896 4508 1038 4597 Alviso,
1063 4511 1221 4587 Romam
1244 4508 1505 4616 proficiscitur.
1527 4507 1605 4585 Ad-

175 4648 330 4709 ventum
350 4630 623 4725 Cluniacensis,
641 4666 662 4712 a
679 4638 914 4744 depositione
935 4640 1051 4718 sancti
1073 4639 1225 4717 Martini
1240 4667 1360 4746 usque
1383 4638 1422 4714 in
1435 4636 1602 4714 mediam

220 4794 228 4825 ²
252 4796 317 4858 vid.
333 4795 401 4879 Ray.
415 4796 467 4858 lib.
483 4797 536 4865 lll,
550 4820 612 4881 cap.
633 4817 672 4866 ιν,
685 4822 710 4860 v.
734 4823 750 4881 7
769 4813 799 4862 et
812 4823 861 4884 ap.
