4388 5850
505 518 818 593 MONASTERH
844 518 1050 592 SANCTAE
1076 520 1373 592 TblNlTATlS.
1574 520 1651 594 [155-

232 654 339 738 dium
358 660 524 737 tradidit.
550 662 657 737 Unde
679 664 725 738 ab
746 661 889 738 eisdem
911 661 1105 738 monacbis
1125 661 1164 736 in
1185 662 1321 736 eodem
1342 661 1511 737 coenobio
1530 662 1647 737 bono·

230 791 333 868 rifice
353 807 410 868 est
428 790 611 897 sepultus.

397 975 523 1055 Signum
534 973 665 1058 ejusdem
677 975 813 1036 Ronuxer
827 974 978 1036 Haccuex.
990 973 1114 1055 Signum
1124 972 1291 1042 wabrensi,
1306 973 1359 1034 iiiii
1368 978 1448 1058 ejus,
1456 976 1518 1058 qui,
1532 990 1647 1059 accepta

439 1077 574 1136 societate
591 1077 772 1145 monasterii,
789 1088 915 1159 paterne
929 1075 1079 1137 donationi
1093 1075 1285 1136 libentissime
1300 1078 1411 1137 annuit.
1427 1077 1552 1159 Signum
1566 1079 1646 1138 Wra-

438 1200 538 1245 xexrn,
564 1179 615 1238 filii
636 1179 806 1249 Godefredi,
826 1181 879 1263 qui
900 1200 952 1261 pm
974 1179 1029 1241 hac
1049 1179 1207 1240 donatione
1226 1200 1242 1237 a
1259 1178 1369 1240 domno
1389 1179 1493 1241 abbate
1512 1183 1647 1243 Rainerio

415 1300 534 1341 unum
556 1302 666 1365 equum
691 1282 729 1343 de
751 1293 862 1365 septem
884 1281 965 1342 libris
991 1280 1261 1364 accepit'Signum
1284 1280 1411 1342 Rxcannr
1441 1281 1477 1342 de
1500 1283 1644 1350 Drincurt.

437 1383 563 1467 Signum
580 1385 730 1446 norman
747 1386 784 1446 de
800 1377 919 1445 dilavio.
934 1383 1058 1466 Signum
1074 1383 1201 1444 chanux
1214 1382 1253 1445 de
1263 1382 1409 1445 Siveviiia.
1426 1385 1551 1465 Signum
1568 1386 1643 1445 Ror-

440 1506 533 1546 eaarr.
546 1485 672 1568 Signum
683 1487 839 1547 Wienexur
853 1486 891 1547 de
901 1486 1100 1547 lennanviiia.
1114 1484 1240 1568 Signum
1253 1485 1417 1553 Bnauannr,
1433 1488 1502 1547 coci.
1521 1486 1644 1567 Signum

435 1588 591 1650 Wncnam
606 1588 684 1661 nan.
702 1587 826 1670 Signum
845 1587 1001 1657 Osuunm,
1018 1588 1165 1649 marescal.
1181 1587 1308 1670 Signum
1323 1587 1508 1649 Gunsuaum.

784 1978 785 1982 p
850 1877 1022 1952 xxvu.

285 2090 367 2165 Non
391 2087 602 2164 inconsulte
622 2087 865 2193 antiquorum
881 2089 956 2166 ritu
977 2089 1221 2194 approbatum
1243 2104 1402 2177 constat,
1419 2106 1462 2165 ut
1480 2092 1585 2192 quod
1604 2091 1642 2164 in

230 2217 536 2297 constabiliendis
550 2215 664 2295 rebus
679 2245 834 2296 concors
849 2217 1022 2296 fidelium
1035 2218 1220 2296 sententia
1240 2216 1436 2325 approbat,
1453 2217 1524 2294 hoc
1539 2218 1641 2294 [ideii

229 2351 360 2427 litterae
377 2350 554 2440 tradatur,
569 2376 650 2454 quae
671 2348 842 2456 longiore
857 2377 934 2427 aevo
948 2350 1139 2455 perdurat.
1162 2349 1281 2458 Cujus
1295 2347 1404 2426 vivaci
1426 2348 1643 2425 testimonio

227 2482 370 2557 cunctis
384 2499 461 2555 tam
480 2479 717 2584 presentibus
737 2508 851 2587 quam
869 2481 1059 2571 etnostris
1076 2480 1300 2570 minoribus,
1318 2495 1452 2555 notum
1469 2478 1641 2569 iacimus,

226 2640 294 2688 nos
320 2610 451 2686 fratres
477 2610 517 2684 in
540 2610 802 2716 Rotomagensi
829 2611 956 2687 Monte
975 2611 1121 2687 Sanctae
1145 2609 1317 2687 Trinitati
1343 2611 1425 2686 Deo
1450 2625 1578 2684 nostro
1604 2610 1642 2684 in

129 2726 141 2739 ’
225 2769 344 2816 unum
371 2740 589 2829 servientes,
618 2739 720 2843 quod
751 2739 878 2816 babita
903 2767 988 2815 cum
1014 2738 1177 2816 Rodulio
1202 2733 1418 2817 Warethnae
1442 2739 1642 2843 emptionis

226 2871 492 2958 conventione,
519 2870 557 2944 in
577 2886 803 2975 perpetuum
825 2868 939 2976 hujus
960 2869 1078 2948 nostri
1096 2869 1168 2947 ioci
1190 2869 1359 2946 alodium
1381 2898 1401 2946 e
1420 2868 1541 2945 vicino
1558 2870 1643 2975 'ejus

225 3018 378 3079 centum
400 3028 502 3077 acres
528 2990 625 3076 silvae
644 2999 795 3109 triginta
816 3000 977 3076 emimus
998 2999 1121 3091 libris,
1150 3017 1188 3077 et
1211 2999 1514 3107 quattuordecim
1542 3028 1642 3077 acres

223 3149 331 3209 terrae
353 3129 503 3208 arabilis
523 3130 561 3205 in
582 3128 737 3207 Blovilla
754 3129 886 3207 decem
903 3129 985 3207 aliis
1000 3129 1127 3219 libris,¹
1147 3147 1185 3206 et
1204 3130 1296 3206 item
1315 3129 1542 3207 beneficium
1563 3130 1639 3207 'coci

227 3262 306 3367 ejus
327 3261 473 3340 Odonis
493 3259 592 3365 apud
613 3259 739 3336 viliam
761 3259 899 3337 dictam
916 3259 1142 3365 Merdepiud
1157 3258 1239 3337 aliis
1260 3261 1389 3337 decem
1410 3259 1528 3337 libris.
1546 3260 1640 3336 Item

227 3406 378 3499 quoqu'·
406 3410 555 3498 pratum
583 3391 707 3497 pontis
735 3390 911 3468 Hunsridi
942 3391 1138 3497 subjacens
1168 3390 1297 3466 decem
1317 3389 1441 3468 tibris.
1469 3390 1563 3466 Item
1593 3390 1639 3467 ab

224 3525 360 3601 eodem
382 3523 545 3600 Roduifo
564 3541 704 3600 terram
722 3524 836 3600 unius
859 3549 1016 3598 carrucae
1036 3520 1083 3597 ad
1103 3519 1302 3621 Eioviliam
1321 3548 1390 3626 pro
1412 3520 1574 3597 sedecim
1601 3520 1641 3596 li-

222 3653 317 3745 bris,
344 3670 383 3729 et
405 3671 543 3730 terram
568 3654 663 3760 prati
692 3651 892 3729 Sottevillae
917 3679 985 3758 pro
1011 3651 1142 3727 decem
1167 3649 1273 3727 libris
1295 3634 1581 3757 accepimusct
1601 3651 1639 3725 in

223 3784 304 3888 ejus
322 3783 539 3858 necessitate
552 3770 717 3886 'pallium
734 3810 856 3858 unum
871 3809 940 3888 pro
957 3781 1088 3891 viginti
1108 3780 1221 3858 libras
1234 3797 1275 3887 et
1289 3807 1359 3858 xxx
1373 3778 1514 3857 solidos
1534 3780 1640 3857 dedi-

223 3941 318 3988 mus.
342 3913 435 3988 ltem
458 3912 504 3987 de
523 3911 733 4016 supradicta
754 3911 842 3987 silva
862 3929 1015 3992 centum
1035 3941 1136 3989 aeras
1157 3911 1318 3987 emimus
1337 3939 1358 3987 a
1377 3911 1536 4020 Rogerio
1558 3909 1637 3986 filio

33 4069 42 4077 ·
108 4046 112 4051 ’
224 4042 407 4148 episcopi,
429 4043 494 4148 qui
515 4060 552 4118 et
567 4043 751 4148 particeps
775 4059 813 4120 et
831 4044 988 4120 coheres
1013 4060 1068 4120 est
1093 4042 1263 4148 ejusdem
1284 4041 1417 4128 alodii,
1445 4066 1491 4119 xv
1518 4040 1635 4117 libris.

223 4173 300 4250 Sed
319 4191 357 4249 et
372 4173 488 4278 ipsam
509 4190 651 4278 partem
674 4173 720 4249 de
742 4172 965 4261 castellario,
987 4201 1071 4279 quae
1086 4190 1220 4250 nostrae
1242 4171 1421 4276 emptioni
1443 4189 1498 4247 est
1518 4172 1638 4247 conti-

223 4326 298 4381 nua
319 4303 419 4380 etad
436 4304 559 4408 ipsum
581 4302 807 4407 pertinebat,
824 4304 986 4381 emimus
1003 4330 1072 4380 xxx
1091 4302 1232 4380 soiidis.
1255 4300 1491 4407 Supradictas
1511 4318 1636 4378 antem

221 4449 373 4509 eentum
396 4458 496 4508 aeres
511 4431 664 4537 quidam
682 4449 810 4510 noster
824 4432 1031 4525 familiaris,
1053 4432 1206 4510 nomine
1222 4430 1421 4540 Rogemus,
1443 4460 1511 4508 suo
1530 4431 1638 4538 adju-

221 4561 319 4640 torio
345 4591 414 4639 nos
439 4561 659 4640 confortavit
684 4591 826 4655 emere,
848 4592 968 4672 quum
994 4565 1073 4670 ipse
1099 4561 1204 4670 prior
1228 4586 1275 4640 xv
1300 4560 1413 4640 libras
1439 4590 1509 4668 pro
1535 4591 1637 4639 sexa·

221 4694 445 4803 ginta'acres
465 4694 589 4780 dedit,
614 4710 653 4771 et
670 4713 755 4802 post
774 4695 821 4772 ad
843 4713 1038 4774 centenam
1058 4693 1328 4801 perfectionem
1348 4693 1432 4771 aliis
1445 4720 1491 4772 xv
1511 4693 1635 4779 libris,

222 4852 314 4931 ques
342 4826 539 4912 solvimus,
564 4827 758 4930 peruenire
785 4854 856 4904 nos
881 4824 979 4905 iecit.
1005 4825 1125 4934 Hujus
1148 4825 1348 4933 emptionis
1372 4824 1636 4901 affirmatorem

1397 4952 1445 5013 55.
