4478 5842
1061 485 1465 557 CHARTULARIUM

1188 783 1348 855 XCIII.

612 1002 749 1075 Notum
777 1000 824 1071 sit
848 996 1038 1083 omnibus,
1061 997 1149 1099 quia
1170 1023 1238 1098 ego
1260 993 1445 1071 Robertus
1473 995 1519 1068 de
1541 995 1716 1072 Caureoli
1742 998 1855 1074 Curte
1882 1028 1970 1074 con-

558 1130 647 1206 cessi
669 1129 707 1201 in
728 1127 801 1201 vita
825 1154 908 1201 mea
936 1125 1119 1201 decimam
1136 1154 1257 1201 meam
1286 1125 1333 1201 de
1354 1126 1550 1215 Frasnei0‚
1569 1154 1638 1232 pro
1663 1128 1794 1203 animae
1819 1157 1909 1217 meae
1933 1148 1971 1205 et
1999 1184 2010 1205 .
2092 1176 2099 1189 ·

558 1257 728 1334 omnium
750 1273 948 1360 parentum
977 1245 1149 1357 meorum
1170 1255 1288 1331 salute
1315 1256 1456 1331 Sanctae
1480 1255 1672 1332 Trinitatis
1697 1258 1906 1346 monachis,
1935 1278 1972 1334 et

558 1405 599 1463 ut
616 1386 719 1462 filius
739 1413 844 1461 meus
860 1385 1049 1490 parvulus,
1072 1389 1240 1491 Rogcrus
1259 1386 1432 1472 nomine,
1455 1385 1493 1459 in
1514 1386 1744 1461 monachum
1760 1386 1969 1490 recipiatur.

558 1517 658 1591 Hanc
680 1516 923 1591 donationem
947 1517 1127 1591 concessit
1147 1514 1298 1620 Helyas‚
1325 1513 1426 1589 filius
1449 1543 1573 1604 meus,
1596 1532 1634 1590 et
1653 1515 1730 1613 vice
1750 1544 1833 1592 mea
1861 1516 1973 1622 super
2056 1556 2064 1569 -

556 1645 670 1721 altare
686 1646 828 1721 Sanctae
844 1644 1036 1719 Trinitatis
1054 1644 1192 1748 posuit.
1210 1645 1242 1716 T
1245 1640 1387 1718 estibus
1399 1642 1471 1716 hiis
1487 1670 1530 1718 ex
1544 1659 1647 1746 parte
1658 1671 1743 1718 mea
1758 1661 1797 1720 et
1812 1673 1855 1720 ex
1868 1662 1971 1749 parte

434 1860 438 1867 ,
556 1776 624 1853 filii
640 1775 713 1850 mei
731 1772 845 1849 Heliae
868 1805 876 1848 ι
896 1772 1070 1850 Gervasio
1082 1771 1236 1848 Sororio
1253 1786 1290 1845 et
1304 1770 1492 1860 Waltero,
1510 1772 1701 1849 sororibus
1715 1773 1849 1859 Helia,
1872 1774 1972 1850 Gois-

556 1906 662 1981 sredo
690 1905 737 1980 de
757 1903 878 1990 Escal‚
901 1902 1061 1979 Radulso
1087 1902 1313 2006 presbitero,
1337 1920 1374 1976 et
1392 1901 1551 1978 Radulso
1572 1931 1698 2006 parve,
1721 1904 1879 2010 Hugone
1898 1905 1972 1983 Ga-

557 2035 651 2123 leih,
675 2035 904 2111 Wivcmero
930 2034 982 2108 Ex
1002 2048 1128 2108 nostra
1151 2047 1254 2136 parte
1271 2061 1279 2104 z
1297 2030 1454 2106 Ricardo
1474 2030 1579 2118 Fult‚
1597 2030 1769 2110 Gilberto
1790 2033 1968 2126 Blovillae,

557 2168 715 2271 Hugone
736 2164 782 2239 de
802 2164 933 2239 Puteo.

1187 2437 1333 2512 xclv.

614 2651 793 2726 Ricardus
820 2650 865 2724 de
894 2651 1071 2725 Rethvers
1101 2648 1206 2724 dedit
1228 2649 1370 2725 Sanctae
1397 2648 1571 2723 Trinitati
1593 2647 1785 2724 ecclesiam
1809 2668 1846 2727 et
1868 2652 1968 2727 deci-

561 2809 660 2856 mam
674 2779 770 2855 villae
781 2778 1011 2885 Opimensis,
1034 2779 1191 2883 acceptis
1209 2796 1335 2854 tamen
1352 2779 1397 2854 ab
1410 2778 1543 2854 abbate
1556 2776 1727 2854 Waltero
1743 2795 1781 2853 et
1794 2776 1972 2856 fratribus

559 2937 603 2987 xv
624 2909 729 2984 libris
750 2911 1002 2986 denariorum.
1868 2908 1875 2919 ⁸

726 3091 848 3172 Signum
864 3094 989 3153 chanm
1005 3094 1042 3154 de
1055 3095 1204 3154 Rethvers.
1230 3093 1355 3176 Signum
1375 3093 1504 3154 Graiam
1522 3093 1559 3154 de
1575 3092 1716 3154 Gomaco,
1732 3094 1857 3174 Signum
1876 3094 1972 3154 Houo-

767 3211 814 3252 rus
828 3192 864 3252 de
876 3193 1034 3254 Belleboui.
1046 3196 1145 3254 Testes
1158 3215 1190 3253 ex
1207 3197 1325 3255 nostris:
1335 3196 1496 3263 bresanus,
1509 3195 1647 3262 senescd3
1661 3195 1854 3264 Bnnsrnous,
1867 3217 1968 3262 cocum

766 3294 938 3364 Roonrros.
957 3295 1042 3357 frater
1059 3297 1137 3378 ejus;
1154 3295 1323 3357 Wnsauus
1339 3296 1376 3357 de
1392 3297 1546 3365 Buentim
1563 3297 1735 3364 nummosi
1757 3297 1917 3358 Rosenrus
1934 3297 1972 3358 de

767 3398 914 3458 barentin.

1204 3643 1328 3717 XCV.

613 3855 739 3930 Pateat
758 3854 900 3930 cunctis
919 3851 1097 3931 fidelibus
1111 3852 1268 3942 Christi,
1285 3853 1389 3959 quod
1404 3881 1472 3959 ego
1490 3851 1708 3931 Willelmus
1721 3855 1971 3931 Pauliacensis
2008 3912 2016 3929 .

559 4001 595 4060 et
610 3985 731 4092 Hugo,
747 3983 861 4060 irater
878 3983 976 4090 ejus,
994 3982 1181 4060 dederunt
1195 3984 1335 4060 Sanctae
1350 3983 1523 4060 Trinitati
1539 3983 1711 4060 ecclesias
1725 4011 1799 4061 suae
1818 3985 1974 4093 ditionis

558 4113 722 4204 Huinili,
754 4142 795 4209 ac
824 4141 892 4219 pro
921 4114 1053 4190 animae
1073 4143 1165 4190 meae
1187 4131 1224 4190 et
1243 4129 1439 4220 parentum
1468 4140 1642 4190 meorum
1669 4113 1808 4205 salute3
1832 4114 1898 4190 bac
1918 4133 1973 4190 ta-

558 4271 644 4320 men
658 4302 892 4321 .........
921 4244 1073 4321 servicio
1095 4243 1256 4321 ecclesiae
1277 4245 1316 4319 in
1335 4241 1511 4348 praedicta
1535 4243 1688 4321 ecclesia
1700 4302 1962 4320 ..........

567 4431 715 4449 ......
750 4376 908 4480 Propter
931 4375 1003 4452 hoc
1025 4374 1200 4451 dedimus
1217 4372 1413 4452 Willelmo
1434 4399 1481 4450 xx
1500 4373 1640 4457 solidos
1662 4390 1699 4449 et
1717 4374 1813 4451 duos
1836 4402 1967 4480 equos,

558 4503 708 4607 Hugoni
722 4530 810 4579 vero
829 4531 877 4581 vn
901 4503 1014 4580 libras
1035 4504 1290 4582 denariorum.

727 4681 851 4762 Signum
869 4684 1042 4753 Wrmrrmu,
1059 4685 1262 4748 pauliacensis.
1276 4688 1399 4769 Signum
1414 4686 1566 4754 Honoris.
1578 4685 1671 4747 fratris
1686 4689 1759 4768 ejus.
1776 4686 1889 4747 Testes:
1901 4688 1970 4747 mr-

770 4802 885 4847 uornos
906 4784 943 4846 de
958 4784 1106 4847 Betieboit.
