4478 5842
643 477 769 552 PARS
805 476 975 550 PRIMA.
994 517 1046 530 —
1064 473 1318 563 FOLQUINI
1344 476 1436 547 LIB.
1464 479 1490 547 1.
1730 471 1773 544 hl

422 622 584 699 «Actum
593 620 719 699 Sithiu
730 619 972 707 monasterio,
984 644 1032 697 vi.
1047 644 1163 695 nonas
1176 616 1266 707 mai,
1279 575 1474 694 annotini.
1487 613 1635 721 imperii
1649 614 1779 693 domni

365 751 483 828 nostri
502 750 714 829 Hildeberti
728 749 887 857 ‘gloriosi
906 748 1014 855 regis.
1036 812 1039 817 .
1436 764 1439 769 ’

422 917 526 1026 «Ego
547 917 771 996 Dinuurous
792 914 976 1005 venditor,
998 915 1062 1020 qni
1082 916 1179 992 hanc
1198 911 1454 1015 venditionem
1476 913 1557 991 lieri
1578 913 1713 1023 rogavi.

423 1051 699 1139 «Rsvssorrnus,
725 1047 796 1124 acsi
817 1046 1012 1153 indignus,
1035 1047 1243 1151 episcopus,
1268 1044 1479 1169 subscripsi.

495 1214 641 1295 «Signum
656 1213 817 1274 Faustin.
833 1211 959 1292 Signum
974 1211 1176 1270 trinitans.
1196 1209 1321 1290 Signum
1338 1208 1512 1277 lluunurrr,
1531 1211 1636 1270 vicarii.

328 1376 331 1382 ·
412 1335 673 1399 «cnaeusssrsus
685 1333 761 1394 hanc
776 1330 972 1392 venditionem
986 1331 1100 1414 scripsit
1112 1341 1142 1390 et
1153 1329 1332 1409 subscripsit.
1345 1356 1355 1381 ι

850 1785 888 1824 ott
907 1781 1050 1825 TRANSITU
1074 1781 1167 1825 DOllNl
1190 1782 1318 1824 unitum.

443 1963 523 2039 Sub
556 1963 670 2069 hujus
701 1961 833 2068 prefati
866 1958 1043 2038 Erlelridi
1072 1961 1267 2067 regiminis
1298 1980 1491 2073 tempore,
1526 1964 1658 2043 beatus
1691 1984 1797 2071 pater

378 2092 553 2170 Bertinus
565 2091 702 2197 plenus
716 2091 865 2169 dierum
881 2106 920 2167 et
934 2091 1145 2182 sanctitate,
1161 2108 1249 2197 post
1264 2090 1488 2171 diuturnum
1501 2094 1541 2169 in
1552 2095 1707 2173 Domini
1722 2125 1799 2173 ser-

379 2223 494 2298 vitute
509 2219 746 2311 famulatum,
760 2248 891 2299 carnea
904 2221 1124 2328 relinquens
1137 2221 1334 2330 ergastula,
1346 2222 1518 2331 migravit
1528 2223 1578 2298 ad
1591 2222 1796 2314 Christum,

379 2367 622 2455 percepturus
643 2351 689 2427 ab
705 2351 786 2456 ipso
803 2368 947 2428 aeternae
963 2350 1278 2428 remunerationis
1297 2350 1487 2442 bravium,
1503 2351 1569 2459 qui
1585 2370 1665 2428 erat
1681 2378 1801 2461 annus

250 2580 257 2589 ἰ
381 2478 579 2556 dominicae
598 2479 863 2557 incarnationis
883 2505 1052 2558 ncxcviu.
1075 2496 1115 2554 et
1130 2472 1265 2583 prefati
1285 2482 1382 2588 regis
1401 2480 1613 2558 Hildeberti
1632 2488 1718 2570 xv.¹,
1743 2482 1801 2556 in·

384 2609 547 2687 dictione
562 2636 609 2686 xi.
634 2609 760 2716 [etatis
779 2636 845 2685 sue
865 2635 964 2683 anno
976 2607 1181 2684 centesimo
1199 2606 1464 2713 duodecimol,
1487 2626 1525 2685 et
1538 2609 1731 2715 regiminis
1746 2610 1802 2686 sui

383 2768 482 2817 anno
503 2766 590 2817 iun.
614 2736 865 2843 Sepultusque
887 2753 943 2812 est
961 2736 1001 2811 in
1014 2733 1167 2811 basilica
1186 2735 1303 2812 sancti
1322 2735 1491 2829 Martini,
1511 2737 1578 2815 ubi
1598 2736 1767 2843 plurimae
1783 2769 1804 2817 a

299 2948 317 2969 ,
384 2871 550 2950 Domino
569 2869 741 2958 virtutes,
752 2893 821 2970 per
836 2868 916 2974 ejus
928 2865 1074 2982 merita,
1088 2881 1177 2943 sunt
1186 2878 1358 2969 patratae:
1375 2867 1480 2975 quod
1490 2883 1611 2945 textus
1629 2870 1710 2976 ejus
1722 2871 1804 2948 vitae

385 2998 558 3107 patefacit
584 2997 871 3105 elegantissime.
897 2995 953 3071 Eo
983 2993 1095 3072 etiam
1119 2999 1320 3103 temporat,
1341 2995 1565 3087 venerabilis
1587 3027 1652 3074 rex
1676 2999 1807 3080 Hilde-

385 3131 516 3209 bertus
532 3128 703 3238 migravit
717 3127 766 3205 ad
783 3108 1008 3216 Dominum,
1026 3154 1112 3205 cum
1127 3139 1317 3234 regnasset
1337 3127 1444 3205 annis
1462 3155 1534 3206 xv1.
1552 3130 1804 3238 Regnavitque
1870 3232 1874 3240 Ι

386 3261 622 3371 Dagohertus
634 3286 739 3366 puer,
752 3257 854 3335 filius
867 3258 963 3367 ejus,
978 3285 1047 3364 pro
1060 3285 1122 3349 eo,
1140 3259 1246 3336 annis
1261 3264 1317 3346 v⁵3
1333 3259 1404 3338 sub
1417 3260 1523 3368 cujus
1535 3272 1707 3367 tempore
1720 3288 1807 3367 pre-

388 3393 509 3470 dictus
536 3391 649 3470 abhas
672 3388 879 3467 Erlelridus
900 3388 1092 3468 basilicam
1112 3389 1229 3466 sancti
1247 3388 1400 3468 Martini
1423 3419 1536 3496 supra
1556 3392 1672 3469 sancti
1693 3392 1806 3497 patris

388 3522 529 3602 Bertini
548 3519 739 3599 tumulum
759 3518 933 3624 ampliori
955 3547 1068 3628 opere
1087 3511 1305 3598 reedificare
1325 3519 1447 3623 coepit.

1028 3814 1163 3888 xxu.
1276 3764 1279 3769 ’

703 3997 741 4036 ΒΕ
761 3991 969 4036 putassemus
991 3992 1113 4040 muare,
1135 3992 1308 4035 SUCCESSORE
1329 3996 1492 4036 saturatur.

450 4176 538 4251 Post
556 4170 781 4277 multiplicia
794 4169 910 4278 igitur
920 4166 1052 4275 prelati
1065 4166 1242 4247 Erlehidi
1257 4128 1401 4246 abbatis
1417 4170 1808 4279 desudamenta,quae,

395 4322 595 4412 postquam
618 4301 784 4410 magistri
814 4315 1002 4404 superstes
1027 4298 1211 4393 extiterat,
1237 4299 1432 4378 desudavit
1455 4318 1582 4381 mente
1607 4303 1812 4410 promptis·

441 4506 449 4536 ¹
472 4508 634 4569 anunm
653 4502 927 4593 emsanrsnga
942 4505 1079 4568 navans
1138 4483 1269 4573 rosan.
1281 4503 1402 4566 ament
1413 4504 1546 4578 amin,
1562 4507 1617 4570 001.
1627 4508 1744 4589 span
1754 4517 1812 4568 not.

398 4631 468 4671 cum
492 4630 569 4670 anno
589 4607 695 4671 Christi
720 4628 790 4692 709·
811 4605 856 4668 Cf.
874 4605 983 4669 Mobill.
1005 4605 1077 4668 Sec.
1179 4605 1189 4635 ¹
1211 4607 1245 4668 A.
1260 4605 1326 4668 Chr.
1344 4629 1413 4690 711.

399 4711 537 4774 Baetici.
557 4711 613 4783 lll,
635 4723 708 4794 part.
731 4732 757 4780 1,
779 4731 845 4794 pag.
877 4733 949 4794 ¹¹7³
974 4708 1076 4771 Annal.
1179 4708 1190 4740 ⁸
1212 4709 1388 4774 Emend.1v.

402 4836 469 4884 xix,
496 4817 550 4885 45,
582 4827 651 4876 tom.
678 4813 719 4884 ll,
747 4833 812 4896 pag.
843 4814 903 4881 23;
936 4813 1077 4876 Marteun.
