4478 5842
333 482 402 559 rto
676 485 1090 561 cuanrusnnrun
1117 418 1403 561 srrltr'unss.
1481 430 1484 434 ⁵

326 627 413 732 quia
436 627 549 704 nimis
573 655 673 704 vante
694 627 901 734 juventutis
920 627 1055 735 gaudia
1080 626 1301 718 sectabatur,
1322 627 1421 731 apud
1446 627 1624 706 comitem
1641 627 1748 707 ineu·-

243 850 246 857 .
326 775 441 849 satus,
461 758 609 838 abbatia
630 775 687 834 est
703 757 915 850 fraudatus,
932 778 970 839 et
987 760 1104 838 sancti
1123 760 1281 839 Bavonis
1302 759 1531 841 monasterio
1556 759 1670 840 abbas
1688 778 1747 839 est

327 888 545 965 destinatus.
565 889 777 966 Vuomarus
799 906 925 968 autem
949 889 1119 996 regimen
1142 889 1389 967 monasticum
1409 889 1479 967 sub
1501 889 1664 995 regulari
1685 918 1745 967 re·

325 1017 435 1122 gebat
460 1018 704 1097 districtione.
728 1019 814 1111 Quo
834 1036 1008 1126 tempore
1028 1049 1098 1128 ego
1124 1021 1204 1125 ipse
1230 1019 1306 1099 haec
1327 1019 1492 1099 scribens
1515 1004 1759 1126 Folquinus,

323 1177 341 1222 a
364 1166 466 1252 patre
488 1149 674 1254 liolquino
695 1166 806 1255 supra
820 1151 899 1256 jam
915 1168 1142 1241 memorato,
1160 1167 1199 1229 et
1212 1167 1330 1228 matre
1344 1149 1543 1240 Thiedala,
1558 1150 1607 1226 de
1627 1177 1755 1258 regne,

322 1279 499 1358 Lothario
521 1280 621 1359 dicto
634 1280 708 1359 huc
729 1281 929 1372 adductus,
947 1309 1047 1359 anno
1063 1281 1330 1361 incarnationis
1346 1280 1568 1359 felicissimas
1589 1280 1744 1358 Domini

320 1411 437 1487 nostri
464 1411 582 1489 Jhesu
608 1410 748 1487 Christi
773 1437 1032 1502 pecccatum,
1059 1411 1123 1488 die
1152 1410 1360 1490 festivitatis
1384 1410 1600 1488 elevationis
1627 1410 1744 1489 sanoti

320 1540 481 1628 Bertini,
504 1570 585 1643 quaa
600 1540 769 1618 succedit
785 1541 956 1617 omnium
973 1557 1186 1617 sanctorum
1211 1538 1417 1630 festivitati,
1442 1557 1569 1618 sancto
1588 1540 1743 1618 Bertiuo

320 1664 483 1756 oblatus,
508 1669 738 1757 monachus,
760 1668 856 1772 proh
879 1668 1008 1745 dolorl
1029 1668 1247 1747 facietenus
1267 1695 1351 1771 sum
1368 1668 1535 1746 effectus.

912 1939 1145 2016 LXXVIII.

832 2149 868 2188 ne
891 2136 1096 2190 uranartnanno
1119 2148 1237 2189 assare.

374 2326 494 2432 Supra
513 2345 742 2405 memoratus
762 2328 875 2436 igitur
895 2327 1080 2436 gloriosus
1095 2329 1273 2405 marlises
1290 2326 1487 2419 Amulius,
1502 2346 1588 2434 post
1602 2327 1740 2411 Witlo-

319 2485 407 2532 nem
422 2457 654 2535 antedictum
673 2456 867 2549 abbatem,
883 2485 997 2562 parvo
1016 2473 1101 2563 post
1121 2471 1307 2564 tempore,
1328 2457 1587 2536 Hildebrando
1608 2462 1738 2566 nepoti

318 2616 403 2678 suo,
438 2589 603 2666 eundem
631 2589 903 2667 monasterium
934 2588 1162 2666 contradidit
1191 2589 1239 2666 ad
1269 2589 1490 2698 regendum.
1522 2590 1604 2667 Sub
1632 2590 1739 2697 cnjus

316 2735 487 2823 tempore
508 2719 558 2792 ita
575 2718 613 2791 in
635 2718 706 2794 hoc
729 2717 959 2795 monasterio
980 2719 1184 2795 sanctitatis
1208 2721 1366 2795 excrevit
1380 2719 1531 2826 religio,
1554 2737 1598 2797 ut
1615 2718 1736 2797 forma

317 2866 354 2922 et
374 2846 588 2954 exemplum
610 2845 707 2922 foret
737 2848 881 2924 cunctis
908 2877 978 2954 per
1006 2848 1204 2927 circuitum
1232 2850 1457 2927 constructis
1487 2849 1733 2927 monasteriis.

316 2976 539 3054 Gaudebant
557 2976 744 3082 siquidem
770 2979 945 3055 monachi
970 2979 1041 3058 sub
1065 2996 1169 3056 tanto
1194 2997 1298 3084 patre
1323 2981 1534 3071 constituti,
1555 2982 1734 3086 quoniam

315 3107 367 3181 eis
387 3125 425 3183 et
451 3106 629 3184 interiora
649 3109 835 3185 mentium
855 3138 921 3185 sua
940 3110 1197 3187 exhortatione
1218 3110 1501 3187 administrabat
1522 3109 1675 3214 pabula,
1698 3128 1736 3188 et

316 3237 499 3314 exteriora
520 3237 740 3344 corporibus
762 3237 991 3316 sufficienter
1014 3238 1203 3344 praebebat
1223 3240 1445 3326 necessaria,
1472 3238 1649 3316 studebat
1668 3268 1736 3316 au·-

313 3383 410 3457 tem,
425 3368 525 3444 inter
535 3368 680 3474 reliqua
691 3358 825 3445 sancta
840 3368 980 3475 regulae
992 3386 1189 3475 praecepta,
1198 3367 1359 3472 jussioni
1375 3368 1462 3446 huic
1474 3371 1634 3447 maxime
1645 3367 1735 3445 oba·

313 3497 412 3587 dire,
436 3527 509 3603 qua
529 3497 654 3575 abbati
677 3499 889 3603 praecipitur
907 3514 950 3575 ut
971 3499 1122 3575 studeat
1141 3496 1226 3601 plus
1248 3497 1364 3572 amari
1388 3525 1500 3602 quam
1523 3498 1666 3587 timeri,
1689 3518 1733 3576 nt

307 3620 380 3718 ne,
402 3629 495 3705 dum
514 3628 626 3704 nimis
648 3627 821 3705 eraderet
840 3627 1051 3733 eruginem,
1073 3626 1306 3731 frangeretur
1325 3627 1499 3704 humanae
1523 3627 1731 3735 fragilitatis

311 3787 392 3849 vas3
421 3757 763 3861 discretionemque
784 3756 834 3831 ita
857 3757 898 3830 in
925 3757 1068 3835 cunctis
1091 3757 1169 3835 suis
1194 3757 1338 3834 actibus
1361 3757 1590 3848 assumebat,
1620 3775 1666 3835 at
1689 3758 1730 3837 in
1803 3837 1805 3840 .

304 3887 538 3993 jussionibus
556 3885 633 3963 suis
654 3903 753 3963 esset
773 3900 811 3963 et
830 3886 935 3990 quod
953 3884 1070 3964 fortes
1086 3900 1283 3994 cuperent,
1304 3888 1343 3963 et
1361 3887 1466 3993 quod
1490 3883 1633 3963 infirmi
1652 3914 1729 3965 non

310 4017 536 4124 refugerent.
570 4016 777 4095 Ordinatus
809 4034 868 4095 est.
898 4034 1024 4093 autern
1063 4047 1164 4095 anno
1196 4018 1244 4096 ah
1283 4017 1540 4095 incarnatione
1573 4016 1729 4094 Domini

149 4175 209 4242 950.
250 4166 252 4171 ’
308 4175 475 4239 necnee,
493 4147 540 4224 ab
559 4146 754 4226 Vnicfridn
771 4148 1050 4227 Tamennensis
1072 4148 1237 4226 ecclesiae
1259 4149 1450 4254 episcopo,
1467 4173 1539 4225 m.
1553 4146 1730 4224 kalendas

311 4277 451 4380 aprilis.
461 4277 556 4357 Huic
568 4293 694 4353 autem
705 4304 831 4354 comes
842 4276 1037 4367 Amulius,
1049 4278 1167 4383 ipsius
1181 4275 1325 4352 abbatis
1339 4274 1560 4366 avunculus,
1574 4274 1622 4351 ad
1639 4302 1729 4351 usus

249 4454 257 4467 ,
308 4404 467 4484 fratrum
490 4404 560 4483 sub
579 4432 625 4480 eo
642 4404 846 4483 viventium
868 4407 1037 4484 reddidit
1052 4407 1178 4483 villam
1202 4420 1456 4510 nuncupatam
1476 4405 1626 4497 macas,
1643 4432 1727 4511 qut

306 4534 361 4633 uti
389 4533 500 4643 longe
527 4533 684 4612 interius
708 4535 842 4615 dixisse
866 4564 928 4614 ma
948 4536 1122 4626 memini,
1143 4562 1264 4613 unum
1288 4535 1372 4612 erat
1387 4562 1432 4611 ex
1457 4533 1726 4642 principalibus

304 4640 464 4777 abbatiae
489 4664 689 4756 manibris,
718 4685 756 4744 et
783 4666 928 4745 abbatis
946 4665 1175 4771 obsequium
1196 4682 1275 4742 erat
1301 4664 1492 4771 deputata,
1518 4666 1559 4741 in
1582 4692 1657 4772 qua
1686 4681 1726 4741 at

304 4781 454 4874 abbatis
466 4794 673 4902 antiquitus
687 4797 802 4873 sessio
818 4795 865 4872 ab
881 4796 1088 4902 inquirenti
1106 4795 1417 4904 frequentabatur
1435 4795 1596 4903 populos
1608 4821 1722 4903 quam
