4478 5842
884 484 1165 576 PROLUDJA:

467 632 610 702 Remote
627 630 832 724 predicatui‚
850 651 919 726 quo
937 653 1019 724 gens
1038 641 1090 698 est
1108 625 1302 701 fortissima,

465 753 587 834 Vacat3
607 753 676 822 hoo
694 751 791 823 fortis
811 750 917 825 animi
933 748 1118 821 decoratur
1135 744 1328 842 prudentia.

465 876 569 957 Nam,
595 900 676 945 cum
693 875 795 970 hujus
812 873 914 967 pn‘mi
933 872 1070 941 claustri
1086 894 1156 941 non
1172 881 1286 939 essent
1301 880 1378 961 apta
1394 863 1523 958 predia,

465 996 546 1067 Plus
563 1010 655 1092 grata
674 1018 836 1089 querens,
854 992 964 1087 angeli
979 989 1101 1071 ductu,
1122 1014 1182 1058 vas
1199 1001 1317 1058 contra
1334 985 1477 1055 {lumina

466 1115 579 1195 Vadit,
600 1117 652 1184 sui
670 1116 804 1209 collegii
818 1112 885 1183 heo
898 1134 1035 1183 summa
1053 1107 1268 1205 providentia
1570 1092 1613 1155 Ὦ

466 1235 544 1325 Qua
562 1233 723 1330 providet
736 1234 889 1326 superni.
908 1229 1064 1325 Relulget
1079 1231 1306 1324 temperantia
1321 1281 1328 1303 ‚

465 1353 556 1426 Cum
578 1367 685 1424 vovet
699 1375 922 1447 semper-nou
940 1347 1071 1444 perhui
1087 1373 1154 1447 gue
1170 1363 1250 1421 sunt
1266 1346 1489 1419 delectabilia.

464 1472 612 1554 Divitiis,
638 1472 808 1566 voluptati
825 1486 1036 1545 consensum
1052 1485 1172 1565 negat;
1193 1470 1308 1539 omnia

445 1593 544 1682 *Que
562 1596 654 1690 gregi
672 1607 798 1663 nocent
813 1593 902 1687 abigi
914 1589 1033 1685 jubete
1054 1591 1160 1661 claret
1175 1589 1341 1686 justicia„

466 1713 628 1785 Confusio
649 1715 864 1810 temptatori,
886 1712 1063 1783 liberatori
1081 1712 1200 1807 gratio,
1244 1778 1247 1784 .

465 1835 612 1906 Sihimet
630 1824 805 1930 planctum
828 1845 863 1903 et
878 1830 978 1903 reddi
993 1833 1041 1901 sic
1059 1830 1289 1927 vultsingulis
1307 1830 1455 1925 singula·

465 1955 575 2026 Datur
592 1957 706 2026 anima
721 1951 858 2036 factori,
877 1968 968 2024 terre
989 1953 1097 2037 earnis¹
1120 1951 1273 2022 materia.

465 2078 568 2172 Ergo,
588 2075 698 2155 Pater,
718 2098 834 2170 regem
852 2074 917 2173 celi
935 2075 982 2145 sic
1001 2073 1161 2169 placans.
1178 2070 1281 2159 nohis
1296 2085 1432 2150 eterna,

467 2200 583 2288 Quem
600 2214 723 2270 cuncta
740 2198 833 2270 hona
849 2197 1043 2293 largiri-per
1061 2210 1095 2266 te
1116 2197 1257 2276 scimus,
1274 2191 1318 2264 da
1331 2188 1464 2288 gaddia.
1484 2192 1591 2262 Auru

369 2665 463 2735 Deus
480 2662 626 2735 deorum
641 2662 776 2734 locutus
790 2678 851 2733 est.
871 2650 996 2734 Audite
1013 2677 1047 2732 et
1060 2658 1235 2758 intelligite
1256 2659 1453 2731 traditiones
1473 2683 1556 2754 quas
1572 2656 1742 2727 Dominus

319 2782 414 2854 dedit
425 2783 540 2863 vohis3
553 2780 752 2853 traditiones
763 2782 840 2854 dico
856 2784 975 2853 collata
986 2780 1140 2855 fidelium
1152 2782 1370 2864 devotorum,
1386 2806 1453 2877 que
1462 2780 1567 2856 Deus,
1584 2777 1743 2849 videlicet
1786 2794 1831 2861 ·.

320 2908 416 2997 cujus
443 2904 659 2998 providentia
680 2905 716 2971 in
741 2904 793 2971 sui
820 2901 1042 2996 dispositione
1066 2927 1138 2973 non
1167 2903 1306 2984 fallitur,
1331 2901 1425 2973 dedit
1446 2900 1560 2981 vobis,
1591 2899 1744 2994 intelligo

321 3025 578 3095 commonachis
593 3024 694 3100 meis,
719 3024 779 3117 qui
794 3024 830 3091 in
848 3021 1007 3093 Sithiensi
1024 3022 1183 3118 florigero
1197 3025 1305 3094 sancti
1320 3025 1424 3119 patris
1438 3022 1567 3093 Bertiui
1583 3020 1743 3092 habitatis
1841 3066 1852 3083 .·

321 3142 483 3224 cenobi03
500 3144 625 3240 quihus
642 3168 722 3239 ego,
741 3157 854 3214 vester
871 3143 1030 3213 alumnus
1045 3143 1199 3225 humilis,
1215 3145 1285 3214 hoc
1300 3144 1521 3239 prohemium
1536 3143 1634 3239 din'gi
1651 3157 1742 3237 peto.

320 3262 509 3334 Audiamus
531 3266 749 3346 unanimiter,
772 3265 1001 3361 percipiamus
1027 3280 1062 3335 et
1081 3265 1417 3361 intelligamus,ghoc
1439 3278 1490 3335 est
1514 3288 1594 3334 aure
1615 3261 1743 3344 cordis3

319 3388 410 3454 intus
427 3387 641 3456 ruminemus
656 3386 822 3482 legentes,
848 3399 887 3455 ut
906 3383 1024 3457 exinde
1038 3385 1191 3480 jubilum
1214 3411 1274 3457 cor
1292 3360 1527 3483 apprehendet
1548 3399 1583 3455 et
1605 3383 1745 3455 catholi-

321 3531 442 3578 corum
459 3506 661 3579 recordetur
676 3488 956 3602 prisca'devotio.
980 3505 1021 3576 ln
1038 3509 1208 3603 principio
1233 3508 1374 3604 quidem
1394 3510 1467 3602 ipsa
1483 3504 1656 3585 edomuit,
1676 3531 1745 3602 que

322 3626 489 3698 moderno
500 3650 564 3697 evo
574 3629 629 3696 vix
645 3628 822 3705 scintillat,
839 3628 1076 3724 iniquitatibus
1091 3631 1216 3703 uostris
1231 3643 1266 3698 et
1274 3626 1537 3699 advincionibus
1548 3624 1744 3697 infidelibus
1766 3666 1777 3687 ·

321 3746 623 3818 intercedentibus.
636 3745 710 3817 Oro
726 3763 839 3818 tamen
849 3763 888 3818 ut
896 3750 1015 3845 ipsave
1031 3724 1378 3832 nobis'commoveait,
1391 3751 1452 3845 qui
1461 3746 1528 3818 vile
1541 3749 1745 3819 cinctorium

322 3884 478 3940 nostrum
496 3892 669 3939 assumere
687 3868 842 3964 dignatus
856 3884 908 3941 ut
920 3870 987 3943 Dei
998 3864 1107 3951 lilius,
1127 3886 1165 3942 ut
1183 3896 1250 3967 que
1263 3872 1365 3941 uobis
1383 3870 1426 3941 ad
1444 3872 1514 3941 vite
1533 3867 1742 3951 subsidium,

323 3992 368 4059 ita
386 4006 420 4061 et
435 3991 535 4059 saluti
556 3991 748 4061 animarum
766 3989 943 4091 profutura
961 3991 1138 4065 concedat
1153 3992 1300 4075 Revera,
1319 3995 1349 4063 si
1366 3990 1458 4063 hona
1472 3993 1685 4087 suscepimus
1702 3990 1746 4061 de
1851 4056 1857 4081 ἰ

323 4135 428 4180 manu
441 4109 582 4180 Domini
595 4124 629 4180 et
641 4107 796 4180 fidelium
809 4109 937 4211 Christi
951 4113 1018 4194 sui,
1028 4096 1178 4209 'digrmm
1196 4127 1299 4184 estut
1316 4115 1471 4209 ipsorum
1480 4111 1615 4183 assidue
1632 4136 1746 4197 recor7

325 4231 456 4312 demur,
475 4255 594 4327 preces
612 4229 704 4325 quod
722 4232 878 4303 valemus
894 4256 957 4329 pro
972 4232 1103 4302 eisdem
1121 4232 1315 4313 fundendo,
1334 4259 1378 4303 ne
1399 4224 1648 4333 ingratitudinis
1662 4233 1746 4305 vitio
1769 4296 1774 4303 .
1869 4316 1876 4325 ,

325 4365 495 4420 notemur.
523 4349 723 4446 Adaperiat‚
755 4352 925 4447 supplico,
949 4348 1121 4423 Dominus
1147 4377 1208 4423 cor
1231 4367 1387 4423 vestrum
1418 4354 1508 4423 circa
1536 4378 1611 4434 eos,
1643 4368 1748 4448 prout

325 4494 447 4542 eorum
464 4473 552 4541 circa
580 4496 641 4544 vos
660 4470 872 4568 jampridem
891 4472 1039 4567 aperitin
1060 4472 1216 4567 quatinus
1242 4472 1348 4549 velud
1367 4473 1434 4568 ipsi
1455 4471 1556 4545 libuit
1573 4472 1747 4544 assumere

325 4616 433 4662 unum
456 4591 504 4663 de
527 4594 679 4673 civitate,
706 4593 835 4664 seilicet
862 4592 1157 4675 Mommolenum,
1180 4608 1213 4666 et
1230 4593 1317 4666 duos
1335 4594 1378 4666 de
1399 4600 1613 4694 cognatione,
1640 4595 1747 4666 Berti-

324 4738 410 4784 num
428 4713 558 4783 scilicet
575 4728 609 4783 et
627 4711 895 4794 hibernandum,
916 4713 1090 4785 Reneuses
1104 4714 1252 4796 dudum,
1274 4742 1361 4814 qrios
1377 4719 1537 4814 primaria
1556 4717 1664 4788 nostri
1678 4718 1747 4786 ins·

325 4836 483 4906 titutione
503 4832 692 4905 introduxit
717 4833 753 4902 in
780 4833 874 4930 Syon
898 4837 1037 4929 specula
1057 4851 1171 4908 sancte
1199 4840 1513 4937 contemplatiouim
1538 4836 1622 4913 dans
1646 4837 1747 4909 uobis
