4478 5842
562 486 692 561 PARS.
716 483 964 559 SECUNDA.
985 525 1032 538 -
1054 481 1276 555 SlMONlS
1303 483 1396 555 blB.
1424 483 1471 552 ll.
1652 467 1725 541 279

306 628 379 703 vite
403 623 538 703 sublati
557 578 654 702 sunt:
678 576 852 717 Quorum
874 620 1000 700 obitus
1024 619 1149 703 abbati
1168 614 1727 731 Affligementium1‘Fulgentio
1827 596 1848 691 ,¹

113 806 120 821 ·
169 785 171 789 ‘
304 774 600 863 permonstratus
615 771 671 831 est
686 787 694 831 ι
712 746 808 833 vidit
819 744 922 833 enim
934 754 973 830 in
988 753 1157 859 sompnis
1174 753 1279 858 quasi
1296 753 1392 831 duos
1406 751 1551 830 loculos
1566 764 1730 825 mortuo·

305 916 389 964 rum
415 887 462 964 ab
484 885 626 993 angelis
647 886 688 964 in
708 902 835 963 cetum
858 884 1008 962 deterri.
1036 884 1313 988 Somniumque
1339 881 1494 990 vigilans
1518 880 1729 985 conjectura

306 1016 530 1105 discutiens,
554 1016 815 1093 animadvertit
838 1014 1120 1099 convenientius
1135 1043 1214 1093 non
1234 1042 1343 1119 posse
1362 1012 1597 1117 interpretari
1614 1037 1726 1115 quam

305 1148 344 1222 in
360 1148 497 1225 horum
515 1148 682 1223 virorum
703 1146 821 1224 obitu.
842 1146 917 1238 Qui
934 1174 1011 1222 non
1027 1143 1149 1222 multo
1167 1161 1251 1250 post
1266 1161 1436 1250 tempore
1453 1144 1599 1220 mundo
1619 1142 1730 1217 mira—

218 1286 223 1295 '
304 1276 434 1353 culum
450 1277 627 1353 innotuit.
643 1275 885 1380 Archipresul
899 1275 1014 1362 enim,
1031 1292 1116 1381 post
1129 1273 1358 1351 laudabilem
1369 1276 1450 1350 Deo
1462 1291 1498 1348 et
1510 1270 1730 1349 hominibus

305 1407 627 1484 conversationem
650 1406 740 1497 vite,
766 1425 851 1511 post
873 1405 1064 1511 profusam
1089 1404 1230 1514 ingenii
1256 1404 1312 1480 sui
1338 1402 1619 1490 liberalitatem,
1648 1421 1731 1507 post

303 1536 499 1614 liberalem
516 1538 555 1613 in
578 1536 712 1614 divinis
733 1536 1049 1642 profunditatem,
1075 1551 1160 1641 post
1182 1533 1368 1629 nonnulla
1388 1532 1435 1610 ab
1459 1564 1504 1612 eo
1526 1534 1637 1623 facta,
1665 1564 1731 1638 per

305 1665 459 1746 Domini
475 1666 673 1758 miracula,
700 1683 745 1743 ut
761 1665 917 1772 quidam
936 1666 984 1744 de
997 1666 1071 1747 vita
1084 1666 1165 1772 ejus
1179 1663 1278 1741 liber
1289 1664 1523 1770 conscriptus
1541 1664 1730 1769 hodieque

305 1796 487 1888 declarat,
512 1825 589 1877 non
612 1797 724 1886 obiit,
744 1797 811 1876 sed
835 1797 880 1873 ad
900 1796 1025 1877 Deum
1048 1794 1151 1875 abiit.
1169 1796 1289 1906 Cujus
1309 1826 1352 1876 os
1370 1794 1579 1886 mellitum,
1608 1796 1733 1875 Sancti

255 2006 265 2021 ‚
306 1925 468 2032 Spiritus
485 1944 686 2036 organum,
707 1912 950 2004 dum‘sraues
963 1944 1001 2004 et
1014 1926 1180 2032 lilii,pre
1189 1926 1305 2005 nimia
1322 1927 1541 2018 dilectione,
1559 1927 1729 2013 condire,

305 2054 473 2135 balsamo
493 2056 541 2133 de
561 2057 686 2162 pixide
704 2057 907 2164 episcopali
923 2057 1089 2163 prolato,
1114 2055 1337 2146 voluissent,
1358 2075 1434 2133 tam
1459 2058 1652 2135 modicum
1677 2058 1732 2132 in-

158 2184 174 2209 ¹
304 2203 561 2279 ventum-uest,
592 2204 637 2265 ut
653 2166 722 2266 'vix
748 2188 854 2266 faciei
879 2205 1003 2267 sancte
1036 2189 1085 2269 ad
1110 2187 1354 2277 condendum
1383 2185 1581 2263 sufficeret.
1615 2188 1729 2279 Quod

303 2316 430 2397 siibito
442 2336 543 2399 tanta
557 2320 657 2397 inter
670 2349 805 2402 manus
820 2321 1081 2401 condientium
1099 2319 1312 2400 exuberavit
1325 2319 1530 2407 affluentia,
1551 2338 1594 2397 ut
1606 2336 1727 2401 totum

306 2468 477 2549 sanctum
498 2478 634 2557 corpus
654 2451 743 2529 inde
765 2449 1031 2529 habundanter
1049 2469 1313 2558 perungerent.

930 2747 1102 2819 LXXX.

360 2934 447 3027 Quo
475 2963 605 3012 mense
635 2935 741 3041 aprili
763 2937 963 3047 migrante,
990 2936 1104 3014 abbas
1123 2939 1255 3049 Hugo,
1285 2954 1410 3017 sancte
1439 2935 1725 3024 recordationis,

305 3063 440 3140 eodem
464 3094 564 3142 anno
584 3067 851 3189 precedentem
875 3066 923 3145 ad
946 3067 1071 3145 Deum
1093 3066 1348 3174 subsequitur.
1372 3066 1492 3176 Cujus
1516 3065 1642 3145 obitus
1663 3067 1725 3144 tali
1758 3070 1764 3087 '

201 3260 215 3285 ‚
303 3174 487 3272 miraculo
503 3195 563 3272 illi
583 3197 865 3305 pronunciatur.
883 3194 1049 3295 Quidam
1070 3199 1280 3295 ruricolas
1271 3228 1310 3274 ιιι
1326 3199 1497 3311 proximo
1516 3218 1654 3277 terram
1677 3230 1731 3276 co-

303 3323 401 3453 lens,
430 3355 547 3433 prope
568 3357 607 3405 se
630 3357 696 3433 pre
714 3328 834 3407 oculis
852 3329 945 3406 vidit
960 3358 1065 3439 quasi
1056 3329 1288 3441 quamdam
1306 3328 1586 3430 counivantium
1602 3330 1730 3406 multi—

300 3455 474 3573 tudinem
498 3459 667 3536 transire.
701 3460 825 3556 Quem
850 3461 942 3537 dum
973 3490 1073 3537 unus
1100 3490 1143 3538 ex
1159 3458 1448 3571 *transeuntibus
1468 3463 1728 3569 interrogaret,

302 3587 410 3695 qu'ns
424 3605 523 3665 terra
535 3607 650 3693 esset,
668 3590 864 3698 respondit
878 3591 995 3666 sancti
1011 3590 1128 3693 Petri,
1145 3574 1407 3702 Hugonisque,
1424 3590 1570 3669 abbatis
1583 3590 1730 3695 Clunia·

304 3718 424 3794 censis
440 3747 531 3796 esse.
549 3756 561 3785 ι
575 3718 676 3810 Mea,
694 3719 834 3826 inquit,
853 3737 953 3801 terra
969 3739 1042 3812 est3
1058 3750 1167 3802 meus
1184 3740 1239 3800 est
1254 3739 1291 3800 et
1306 3722 1430 3802 abbas.
1451 3722 1526 3801 Sed
1539 3723 1647 3813 vade,
1666 3724 1724 3799 dic

250 3854 254 3863 '
301 3848 361 3920 «ei
389 3865 431 3922 ut
454 3847 569 3925 instet
593 3848 698 3953 operi
722 3847 846 3942 bono,
871 3850 959 3960 quia
985 3848 1072 3929 finis
1094 3851 1167 3931 vite
1187 3838 1365 3931 imminet
1387 3855 1420 3932 ei
1445 3838 1494 3933 de
1511 3854 1694 3965 proximo.
1713 3892 1724 3918 »ι

210 4032 214 4041 .
304 3970 427 4053 Homo
447 3979 588 4088 paruit,
617 3976 760 4055 dictum
786 4008 864 4057 non
887 3981 1021 4075 tacuit,
1043 4011 1145 4060 mors
1165 3985 1205 4060 in
1229 3983 1333 4062 brevi
1361 3986 1500 4079 evenit,
1525 4012 1725 4088 veramque

303 4104 486 4185 visionem
508 4136 586 4189 esse
607 4108 787 4241 probavit
817 4109 926 4188 Unde
952 4112 1166 4221 conjectum
1184 4132 1240 4191 est
1259 4115 1306 4193 ab
1325 4116 1566 4199 audientibus
1587 4118 1725 4245 liujus-

190 4236 195 4249 '
305 4237 408 4314 modi
435 4239 612 4318 mandato
638 4257 808 4318 sanetum
835 4236 989 4322 Petrum
1009 4243 1147 4322 rustico
1173 4246 1407 4375 apparuisse,
1434 4249 1626 4359 sanctique
1653 4254 1721 4331 viri

305 4367 452 4446 obitum
471 4370 746 4476 prenunciasse.
777 4371 854 4465 Qui
881 4372 987 4482 cujus
1006 4366 1210 4453 sanctitatis
1231 4374 1361 4469 fuerit,
1386 4395 1488 4484 gesta
1510 4378 1593 4456 vite
1604 4381 1722 4495 ipsius

304 4529 324 4574 a
350 4500 544 4578 nonnullis
568 4502 734 4580 studiose
758 4503 966 4610 conscripta
984 4506 1073 4583 saus
1092 4505 1299 4598 declarant3
1324 4527 1506 4613 quantave
1517 4492 1723 4619 dignitatis

347 4698 422 4761 ¹De
447 4704 624 4763 monasterio
639 4702 854 4785 Allligernensi,
875 4705 991 4790 Afflinq·
1048 4727 1109 4769 uno
1122 4707 1241 4770 milliari
1253 4709 1352 4771 Alosto
1364 4711 1409 4772 vel
1422 4715 1543 4781 circiter,
1556 4716 1630 4773 cons.
1647 4718 1721 4774 Gall.

310 4801 389 4869 hcm,
409 4804 439 4862 in
466 4803 575 4864 linibus
600 4804 763 4867 Brabsntioe
789 4821 818 4868 et
836 4807 992 4878 Flandrioe,
1050 4809 1148 4872 Christ
1163 4822 1182 4870 t.
1199 4812 1234 4882 V,
1249 4811 1303 4874 col.
1319 4813 1367 4875 36.
