4478 5842
516 502 645 575 PARS
672 497 1217 575 SECUNDA.-SIMONIS
1243 501 1335 574 LIB.
1364 503 1412 574 ΙΙ.
1598 502 1670 574 267

257 660 454 735 secretum,
472 672 558 720 cum
580 643 742 747 maximo
762 641 1171 748 populorum'plausu,
1198 640 1354 719 ecclesie
1376 642 1581 719 Morinensi
1607 642 1676 717 im-

166 837 171 845 .
257 791 465 878 portavere,
481 801 581 850 enno
600 772 756 852 Domini
770 773 974 850 millesimo
989 772 1236 878 nonagesimo
1251 800 1366 849 nono.

899 1093 1055 1168 LVlll.

316 1298 359 1371 ln
382 1325 457 1402 qua
479 1323 594 1402 quem
618 1295 846 1401 qualemque
873 1323 929 1385 se,
958 1322 1026 1399 per
1045 1293 1246 1371 continuos
1269 1293 1422 1400 triginta
1444 1320 1561 1369 annos
1585 1293 1682 1368 exhi-

260 1424 401 1517 buerit,
417 1426 542 1502 littera
556 1432 633 1500 tlon
648 1424 775 1513 docet,
796 1425 863 1500 sed
878 1422 956 1499 viva
974 1451 1132 1529 operum
1152 1422 1369 1501 testimonia
1383 1423 1574 1530 hodieque
1594 1452 1682 1528 pro·

259 1554 361 1632 bant.
384 1554 501 1662 Cujus
521 1555 744 1631 memoriam
770 1553 809 1628 in
835 1552 1103 1631 benedictione
1128 1554 1216 1630 licet
1240 1553 1683 1630 commendandamnon
1750 1585 1754 1591 ·
1814 1570 1816 1574 ‘

259 1684 508 1789 suscepimus,
529 1681 595 1759 illa
610 1682 720 1760 illum
736 1682 775 1759 in
791 1682 1045 1777 reedificanda
1063 1684 1213 1789 propria
1232 1683 1405 1774 ecclesia,
1426 1685 1464 1759 in
1477 1685 1685 1790 ‚adquiren-

260 1813 318 1891 dis
335 1814 489 1892 ecclesie
510 1810 760 1901 ornamentis,
782 1840 856 1920 que
876 1812 935 1892 vel
957 1813 1061 1891 nulla
1085 1812 1143 1890 vel
1162 1843 1277 1919 pauca
1295 1815 1502 1905 invenerat,
1525 1831 1563 1891 et
1580 1814 1686 1891 libris

238 1975 241 1982 ·
260 1973 398 2054 magno
416 1962 571 2051 sumptu
587 1944 821 2049 conscriptis,
838 1944 878 2020 in
894 1944 1133 2052 propaganda
1150 1944 1331 2052 religione
1354 1973 1422 2051 per
1441 1963 1560 2023 totam
1581 1974 1686 2023 suam

263 2075 468 2181 dyocesim,
488 2073 738 2150 commendat.
748 2075 842 2152 Nam
856 2075 956 2179 apud
970 2075 1035 2164 Lo,
1049 2075 1239 2164 Euersam,
1251 2077 1384 2180 Ypres,
1397 2075 1585 2180 regulares
1600 2104 1689 2153 con·

261 2205 384 2282 stituit
395 2207 609 2296 canonicos,
632 2220 686 2293 et,
699 2233 769 2283 suo
787 2222 977 2312 tempore,
992 2199 1091 2310 apud
1104 2205 1290 2312 Broburg,
1309 2205 1460 2295 Gisnes,
1476 2205 1685 2295 Merclrem,

262 2335 564 2414 sanctimoniales
595 2337 796 2415 constitute
829 2353 927 2414 sunt.
954 2336 1070 2415 Nobis
1088 2365 1175 2413 vero
1203 2337 1318 2413 altare
1341 2337 1387 2412 de
1413 2337 1622 2425 Mercbem‚
1640 2336 1687 2412 de

260 2465 447 2573 Eggafridi
463 2465 620 2574 capella,
639 2467 686 2543 de
701 2467 951 2556 Warnestim,
970 2467 1017 2542 de
1040 2467 1285 2557 Haveslerle,
1303 2467 1372 2543 sub
1394 2483 1578 2542 cartarum
1599 2465 1689 2541 alle-

261 2597 432 2706 gatione,
455 2612 493 2673 et
508 2597 628 2672 multa
643 2594 713 2671 alia
733 2596 834 2673 bone
853 2595 1024 2673 contulit.
1039 2596 1157 2703 Cujus
1176 2597 1242 2673 viri
1264 2595 1446 2702 probitas,
1466 2626 1553 2673 cum
1573 2595 1688 2672 michi

265 2756 307 2801 ex
325 2726 483 2802 minima
498 2742 603 2831 parte
625 2724 763 2829 (multa
784 2724 1039 2831 enim'fuerat)
1060 2741 1149 2802 nota
1169 2726 1299 2817 fuerit,
1323 2726 1362 2800 in
1379 2727 1451 2803 hoc
1471 2726 1691 2802 admiranda

265 2872 303 2931 et
321 2855 485 2932 notanda
502 2854 632 2946 fuerit,
653 2856 758 2961 quod
776 2884 983 2962 numquam
1002 2853 1048 2933 ab
1069 2854 1213 2962 aliquo,
1235 2884 1304 2932 nec
1323 2857 1437 2931 eciam
1459 2855 1506 2932 ab
1525 2856 1693 2931 adversa·

265 2984 338 3075 rio,
356 2983 558 3091 aliquando
573 2984 786 3078 infametur,
803 2987 926 3093 quasi,
946 3015 1054 3063 causa
1072 2986 1302 3092 cupiditatis,
1316 2986 1499 3093 juditium
1514 2985 1573 3064 vel
1584 2986 1694 3094 justi·

266 3115 361 3192 ciam
382 3115 628 3206 subverterim
650 3144 727 3223 quo
747 3115 837 3194 vitio
861 3108 955 3194 adeo
981 3116 1115 3208 caruit,
1136 3131 1180 3192 ut
1203 3115 1351 3193 nullum
1375 3117 1492 3193 nostri
1513 3116 1694 3222 temporis

266 3246 462 3324 hominem
485 3273 547 3322 me
572 3246 708 3323 vidisse
731 3245 896 3324 recolam
915 3246 1208 3355 puriorem.·Vix
1225 3248 1326 3323 enim
1344 3247 1501 3355 alicujus
1523 3247 1694 3324 subdito-

266 3406 352 3454 rum
373 3376 443 3454 sibi
467 3376 572 3455 ze'nia
591 3379 772 3484 suscepit,
785 3366 866 3456 ¹sed
890 3379 1007 3456 eciam
1028 3377 1153 3456 oblata
1172 3378 1298 3482 sepius
1323 3406 1411 3453 eum
1433 3371 1614 3454 refutasse
1633 3405 1693 3452 eu-

269 3508 439 3587 divimus.
453 3510 603 3586 Bannos
618 3507 677 3587 vel
693 3509 978 3586 emendationes
994 3508 1041 3586 de
1062 3505 1304 3584 forisfacturis
1318 3508 1375 3583 vix
1391 3505 1595 3613 aliquando
1611 3533 1693 3584 sus-

269 3640 387 3745 cepit,
403 3668 492 3716 cum
503 3638 567 3716 alii
587 3638 721 3744 prelati
735 3637 938 3744 ampliant,
951 3640 1058 3715 anxie
1073 3652 1223 3743 petant,
1244 3650 1512 3743 extorqueant,
1529 3652 1593 3726 et,
1607 3650 1691 3712 cum
1786 3690 1791 3699 -

269 3796 345 3845 non
362 3768 473 3845 datur
489 3785 672 3875 quantum
690 3767 844 3860 volunt,
868 3769 1064 3846 insanient.
1082 3768 1274 3846 Discretus
1290 3768 1328 3842 in
1347 3766 1514 3873 juditiis,
1537 3766 1584 3842 ad
1603 3766 1690 3842 hos·

270 3899 366 4003 pites
389 3896 573 3988 liberalis,
596 3925 807 4003 pauperum
830 3881 1028 3990 recreator,
1057 3916 1095 3975 et
1118 3898 1325 3976 secundum
1346 3899 1471 3974 Deum
1492 3915 1530 3974 et
1556 3925 1690 3974 secun·

273 4028 365 4104 dum
382 4026 551 4105 seculum
565 4027 678 4105 vitam
700 4028 806 4104 duxit
823 4028 1084 4106 honorificam.

930 4284 1043 4397 mit.

629 4518 668 4560 ns
689 4518 915 4562 insumendus
935 4520 1096 4570 wimacus,
1121 4506 1203 4563 asnis
1225 4519 1336 4562 anonis.

331 4694 454 4804 Hujus
468 4671 664 4805 regiminis
677 4725 775 4778 anno
789 4698 974 4792 secundo,
989 4726 1089 4779 anno
1099 4699 1274 4778 videlicet
1291 4698 1405 4779 Verbi
1419 4699 1598 4777 incarnati
1613 4697 1698 4774 mil-

275 4824 410 4927 lesimo
429 4827 656 4918 centesimo,
671 4827 1041 4939 hebertus-juniora
1053 4831 1301 4925 Jemsolimis,
1318 4860 1406 4911 cum
1423 4827 1696 4916 multamilitie

723 4964 725 4968 ’
1479 4958 1528 5024 34.
