4388 5850
248 493 320 568 5211
596 494 1002 572 CHARTULARIUM
1030 488 1317 564 SlTHlENSE.

791 748 796 772 ¹
908 732 993 822 xlV.

246 949 283 987 DE
306 948 394 990 BELU)
414 949 566 991 immuto
583 949 678 991 EUJUS
698 947 817 990 OEllOBll
837 944 993 995 rursusi,
1016 947 1050 984 BT
1071 944 1159 986 mins
1177 942 1338 987 Sssbd'l'loll}
1360 943 1416 984 PER
1432 941 1537 993 130le
1556 919 1677 985 dBBA'l'IS

877 1047 1043 1091 VBNTURAU.

303 1229 476 1338 Cumque
505 1231 609 1306 idem
631 1228 745 1305 abbas
769 1246 898 1305 noster
922 1228 999 1304 Leo
1020 1228 1099 1336 jam
1121 1226 1315 1333 profectus
1344 1244 1442 1305 esset
1461 1224 1515 1315 ad¹
1530 1226 1600 1304 iter
1621 1256 1678 1304 sua

245 1387 311 1463 pra
334 1356 621 1450 relatum,'orta
646 1376 702 1437 est
725 1358 825 1435 inter
848 1357 998 1448 fratres,
1018 1384 1133 1462 super
1155 1354 1346 1435 solutione
1371 1358 1533 1464 pecunie
1561 1385 1674 1464 quam

245 1518 373 1567 secum
401 1508 628 1596 portaverat,
650 1489 875 1568 miserabilis
895 1490 1044 1566 seditio.
1070 1488 1119 1567 At
1139 1490 1264 1594 primo
1287 1489 1429 1588 verbis,
1452 1487 1592 1567 deinde
1611 1519 1676 1595 pu·

244 1622 327 1728 gnis
342 1638 380 1696 et
400 1621 566 1698 fustibus
588 1649 828 1730 congressum
849 1619 1050 1711 facientes,
1070 1621 1326 1726 spectaculum
1352 1620 1438 1697 facti
1466 1639 1557 1698 sunt
1587 1623 1675 1698 huic

126 1814 133 1823 .
244 1751 407 1841 mundo,
437 1752 581 1858 angelis
604 1771 643 1829 et
667 1751 902 1843 hominibus,
925 1769 963 1846 et
985 1752 1025 1828 iu
1045 1752 1216 1830 derisum
1238 1751 1342 1830 omni
1364 1751 1519 1864 populo.
1537 1752 1676 1830 Accur-

243 1899 331 1957 runt
348 1882 475 1987 itaque
489 1881 538 1957 ad
552 1882 627 1959 hoc
639 1881 852 1960 sedandum
868 1886 954 1959 cu'm
970 1882 1225 1990 burgensibus
1241 1881 1380 1959 feodati
1394 1882 1549 1959 ecclesie
1567 1883 1670 1973 laici,

243 2031 295 2103 et,
325 2010 483 2088 consilio
507 2013 644 2118 prioris
666 2011 907 2091 Erlembaldi
932 2030 971 2090 et
989 2013 1147 2090 fratrum
1175 2014 1291 2120 partis
1316 2013 1491 2102 sanioris,
1519 2001 1674 2119 seditio7

242 2143 359 2218 siores
380 2170 449 2245 per
468 2142 543 2219 vim
564 2141 766 2248 expellunt.
787 2144 844 2221 De
864 2143 1004 2250 quibus
1018 2143 1147 2221 traditi
1169 2161 1260 2221 sunt
1272 2125 1428 2250 quidam
1447 2129 1612 2220 Sathane
1633 2136 1673 2219 iri

242 2291 416 2350 eternum
433 2272 646 2362 interitum,
664 2273 711 2348 ad
723 2273 995 2351 monasterium
1013 2275 1141 2351 denuo
1158 2300 1355 2380 nunquam
1370 2258 1572 2363 reversuri,
1589 2259 1670 2364 alii,

243 2404 311 2481 etsi
328 2401 485 2508 quidem
507 2405 644 2480 reversi
660 2418 765 2493 sunt,
785 2404 879 2480 tanti
902 2404 1071 2482 criminis
1093 2421 1181 2481 nota
1201 2430 1279 2482 uon
1301 2387 1517 2481 caruerunt
1536 2404 1681 2484 sedata.

242 2534 521 2641 aliquantulum
547 2536 751 2626 seditione,
778 2535 1043 2614 distrahuntur
1062 2536 1232 2614 thesauri
1259 2535 1439 2623 ecclesie;
1466 2535 1605 2612 ciboria
1634 2555 1673 2613 et

216 2704 220 2731 ·
243 2665 359 2745 loculi
380 2685 613 2758 sanctorum,
635 2665 760 2743 ablato
780 2694 872 2744 auro
888 2685 927 2744 et
945 2685 1120 2776 argento,
1143 2667 1409 2758 denudantur,
1430 2666 1497 2744 sed
1516 2669 1671 2773 parvum
1715 2674 1716 2678 ’

241 2798 300 2874 vel
321 2796 472 2873 nullum
492 2799 583 2875 inde
602 2797 718 2876 sensit
738 2797 892 2875 ecclesia
912 2797 1237 2887 emolumentum,
1260 2797 1349 2904 quia
1373 2813 1467 2874 tunc
1490 2783 1567 2874 non
1595 2816 1674 2876 erat

243 2956 305 3003 rex
335 2928 375 3003 in
404 2927 547 3019 lsrael,
565 2927 845 3033 fluctuabatque
876 2930 1015 3007 domus
1042 2929 1220 3037 magistro
1249 2927 1486 3020 orbataset,
1517 2943 1684 3034 propter

241 3059 448 3135 absentiam
470 3059 652 3166 magistri,
675 3059 952 3166 unusquisque,
973 3077 1088 3166 prout
1111 3059 1184 3137 sibi
1204 3060 1384 3167 placitum
1407 3076 1503 3150 erat,
1525 3058 1669 3168 agebat.

241 3191 319 3265 Hec
345 3188 392 3263 ad
416 3187 598 3266 cautelam
628 3187 845 3264 summdtim
869 3189 1081 3298 tetigimus,
1110 3205 1154 3266 ut
1176 3190 1326 3268 discatis
1347 3219 1461 3296 quam
1485 3218 1594 3299 grave
1623 3192 1672 3268 sit
1759 3259 1766 3269 ,

242 3318 483 3425 dispendium
498 3318 672 3428 religioni
688 3317 891 3410 dissensio,
910 3307 980 3426 per
993 3348 1106 3427 quam
1121 3351 1190 3426 pax
1207 3339 1245 3399 et
1260 3323 1391 3398 caritas
1409 3321 1668 3411 confunditur,

241 3469 280 3529 et
293 3452 340 3528 de
355 3480 430 3557 qua
443 3451 567 3528 omnis
578 3447 757 3557 iniquitas
772 3451 938 3529 nascitur
950 3466 989 3529 et
996 3470 1232 3561 propagatur.
1244 3452 1405 3543 Verum,
1421 3481 1507 3529 cum
1523 3452 1672 3561 predic-

239 3601 300 3660 tus
317 3581 448 3675 abbas,
466 3583 533 3690 qui
553 3609 686 3691 magne
707 3583 889 3663 exercitus
903 3583 999 3698 parti
1019 3584 1058 3661 in
1079 3578 1276 3661 missarum
1294 3581 1612 3690 celebrationibus
1633 3602 1671 3661 et
1803 3575 1811 3601 ¹

240 3715 451 3791 animarum
468 3714 621 3816 secretis
636 3711 801 3791 consiliis
819 3705 976 3821 prefuit,
998 3732 1053 3808 et,
1075 3732 1152 3791 tarn
1172 3717 1212 3792 in
1232 3715 1366 3794 itinere
1382 3744 1496 3826 quam
1514 3705 1669 3819 interra

240 3844 473 3922 Solimorum
491 3844 665 3955 religiosa
680 3846 960 3924 conversatione
975 3831 1315 3937 commendandus,
1336 3847 1489 3956 regibus
1509 3864 1548 3922 et
1563 3847 1669 3954 prin7

239 3974 385 4084 cipibus
414 3977 551 4055 merito
579 3992 705 4086 gratus
734 3993 773 4053 et
802 3976 973 4056 amabilis
1003 3977 1137 4069 extitit,
1167 3995 1316 4086 peracta
1343 3964 1663 4085 peregrinatione,

238 4107 459 4212 repatrians,
480 4107 593 4215 pallia
614 4125 651 4184 et
669 4107 804 4185 sericas
822 4126 959 4200 vestes,
985 4137 1135 4187 necnon
1154 4109 1225 4186 ulia
1250 4108 1406 4216 ecclesie
1427 4126 1663 4198 ornamenta,

237 4267 314 4317 non
334 4239 492 4318 minoris
507 4239 616 4345 pretii
633 4266 747 4345 quam
766 4240 944 4344 pecunia,
961 4267 1077 4345 quam
1096 4267 1225 4318 secum
1245 4240 1486 4346 proficiscens
1504 4217 1665 4328 tulerat,

235 4369 443 4464 retulisset,
463 4398 617 4447 omnem
634 4367 806 4446 fomitem
825 4370 904 4446 odii
921 4388 959 4449 et
979 4370 1165 4450 discordie
1182 4372 1335 4478 penitus
1351 4371 1586 4480 extinguere,
1609 4386 1661 4461 et,

234 4499 264 4578 si
292 4499 384 4605 quid
413 4499 460 4578 de
483 4499 655 4575 facultate
680 4499 960 4603 possessionum
986 4503 1161 4593 exterius,
1192 4519 1229 4579 et
1252 4504 1315 4581 de
1324 4500 1581 4582 observatione
1604 4482 1664 4577 vel

236 4630 357 4737 rigore
382 4628 526 4706 ordinis
549 4629 707 4708 interius
735 4632 960 4738 deperierat,
988 4633 1077 4710 totis
1102 4631 1243 4712 viribus
1262 4635 1410 4712 studuit
1428 4659 1601 4710 revocare
1625 4647 1663 4707 et

236 4779 439 4881 restuupare
464 4759 692 4867 plenissime.
1187 4777 1189 4781 ·
1323 4757 1325 4760 ’

1694 2930 1697 2941 .
1718 2908 1732 2943 0
