4478 5842
444 516 567 589 enas
593 481 796 588 rearis.
814 556 866 570 -
883 513 1314 589 communiones
1341 514 1565 592 sinonis.
1643 515 1744 591 sir·

299 659 358 736 nis
384 656 597 748 nobilitate,
627 655 742 734 abbas
773 655 1031 762 compromisit
1061 658 1101 734 in
1130 655 1306 749 arbitros,
1338 656 1523 736 abbatissa
1555 658 1719 736 libenter

299 805 488 866 annuente
514 805 552 865 et
577 787 743 893 idipsum
767 785 996 892 requirente.
1024 785 1164 864 Arbitri
1196 772 1323 896 itaque
1353 787 1397 895 Ιἱιι
1424 787 1557 894 primis
1589 815 1719 893 parro-

300 920 422 996 chiam
457 935 623 997 nostram
658 916 705 993 ab
738 915 995 1024 adjacentibus
1027 918 1234 1023 parrochiis
1268 917 1497 1012 dividentes,
1533 918 1719 997 decimam
1749 986 1751 990 ,

301 1050 554 1128 communiter
570 1046 806 1153 partiendam
826 1046 994 1125 arbitrati
1014 1065 1120 1136 sunt3
1141 1049 1192 1125 ita
1213 1065 1341 1127 tamen
1361 1050 1464 1155 quod
1488 1050 1721 1156 prosalvan-

302 1181 360 1258 dis
385 1177 587 1286 privilegiis
612 1168 768 1269 nostris,
791 1204 867 1284 que
889 1178 1217 1287 Broburgensibus
1244 1179 1369 1285 priora
1391 1196 1512 1270 erant,
1536 1181 1721 1258 abbatissa

302 1327 446 1415 partem
462 1308 533 1386 sibi
549 1309 769 1417 assignatam
784 1307 855 1385 sub
874 1326 1049 1385 trecensu
1062 1309 1233 1416 quinque
1247 1309 1456 1387 solidomm
1472 1339 1491 1386 a
1507 1310 1617 1388 nobis
1635 1339 1722 1416 pos-

303 1438 432 1516 sideat.
445 1436 571 1544 Hujus
581 1437 842 1515 transactionis
858 1455 957 1516 carta
972 1439 1072 1516 inter
1085 1456 1209 1545 partes
1224 1441 1477 1518 communiter
1494 1439 1588 1519 lacta
1605 1469 1723 1546 penes

221 1639 225 1645 .
304 1597 372 1646 nos
390 1568 550 1646 babetur
565 1568 605 1644 in
626 1567 696 1644 hec
713 1568 853 1671 verba¹.

938 1798 1087 1876 XXVI.

231 1994 237 2005 ·
340 1983 492 2027 struem
517 1982 676 2025 contorum
698 1982 783 2024 tum
807 1980 943 2023 iustruit
971 1980 1109 2024 nosram!
1138 1981 1173 2022 ΙΤ
1199 1981 1379 2025 ΡΜΡΟΒΙΤΗΙ
1402 1983 1620 2034 warnusrtsctt,
1644 1988 1678 2027 ET

778 2082 955 2126 aaaarrmru
976 2083 1214 2127 surassomrrtu
1226 2060 1246 2124 ¹.

361 2256 431 2330 «ln
454 2252 608 2330 nomine
629 2252 746 2329 Patris
766 2269 804 2329 et
826 2249 911 2328 Filii
932 2268 970 2329 et
991 2248 1156 2358 Spiritus
1177 2249 1323 2343 Sancti,
1345 2279 1467 2329 amen.
1489 2255 1726 2361 Frequenter

306 2399 541 2490 compertum
566 2398 623 2459 est
646 2382 907 2461 contentiones
928 2399 965 2458 et
987 2382 1273 2475 controversias,
1297 2382 1336 2458 in
1359 2411 1489 2488 pacem
1513 2402 1551 2460 et
1573 2414 1728 2464 concor-

306 2516 407 2592 diam
425 2514 614 2605 reductas,
636 2514 881 2620 postmodum
898 2513 938 2589 in
959 2513 1126 2592 deterius
1144 2510 1348 2619 pullulare,
1371 2513 1440 2591 ubi
1460 2533 1603 2593 constat
1621 2537 1725 2626 geste

306 2647 359 2723 rei
376 2645 513 2722 seriem
528 2671 613 2721 vera
628 2662 665 2721 et
685 2642 858 2751 diligenti
874 2642 1124 2720 declaratione
1143 2643 1391 2749 conscriptam
1407 2644 1447 2720 in
1463 2645 1725 2726 testimonium

305 2802 382 2851 non
408 2802 599 2880 apparere.
627 2773 720 2849 Inde
746 2773 926 2881 estquod
953 2801 1023 2881 ego
1048 2772 1199 2863 Simon,
1221 2771 1292 2850 Dei
1315 2773 1449 2881 gratia,
1467 2774 1582 2853 abbas
1608 2781 1725 2856 sancti

304 2904 466 2995 Bertini,
490 2921 527 2981 et
546 2930 614 3012 ego
635 2902 855 2995 Alexander,
876 2904 1089 3010 prepositus
1103 2902 1355 2993 Watinensis,
1374 2921 1412 2981 et
1427 2932 1497 3013 ego
1512 2907 1723 2999 Mathildis,
1742 2992 1743 2995 Ἴ

303 3036 487 3114 abbatissa
517 3035 807 3144 Broburgensis,
835 3033 1069 3142 presentium
1100 3051 1138 3111 et
1163 3032 1381 3112 futurorum
1409 3036 1593 3113 memorie
1627 3069 1729 3117 com-

304 3166 545 3256 mendamus,
574 3167 661 3272 post
685 3164 752 3241 diu
773 3165 940 3242 habitam
962 3165 1063 3241 inter
1084 3192 1154 3242 nos
1180 3165 1470 3269 controversiam
1497 3194 1607 3273 supra
1632 3168 1728 3246 deci-

303 3296 376 3371 mis
396 3295 647 3402 quarumdam
671 3311 875 3381 terrarum,
897 3294 937 3370 in
959 3294 1214 3403 Broburgensi
1236 3295 1431 3401 parrochia
1454 3297 1723 3403 adjacentium,

303 3425 637 3532 compromissione
669 3425 768 3502 inter
797 3424 961 3503 'arbitros
993 3422 1102 3516 lacta,
1135 3423 1278 3502 scilicet
1307 3424 1491 3501 domnum
1521 3425 1642 3502 David
1677 3429 1723 3505 de

304 3553 574 3648 Claromaresc,
594 3572 632 3634 et
646 3557 893 3635 Lambertum
910 3557 957 3632 de
975 3551 1101 3631 Sancti
1119 3554 1219 3631 Petri
1234 3556 1375 3645 Bronc,
1394 3552 1652 3633 etAmoldum
1676 3558 1723 3634 de

264 3753 267 3759 .
303 3685 374 3776 Lo,
396 3687 580 3763 internos
600 3684 733 3761 laetam
755 3713 834 3763 esse
853 3682 1241 3779 concordium-datis,
1260 3683 1519 3790 predictorum
1534 3685 1652 3763 trium
1670 3687 1724 3761 vi-

304 3842 432 3890 rorum
460 3813 615 3890 arbitrio
639 3830 678 3890 et
705 3793 844 3892 nostro⁸
859 3815 1052 3893 communi
1075 3814 1174 3891 bene
1199 3813 1357 3919 placito,
1386 3816 1576 3921 preposito
1598 3815 1722 3894 Wati-

304 3943 412 4019 nensi
432 3941 580 4020 duobus
594 3940 809 4049 'manipulis
832 3943 978 4020 decime
997 3961 1181 4050 perpetuo
1199 3943 1454 4049 possidendis,
1475 3974 1495 4020 a
1518 3945 1722 4023 Milharled

305 4101 422 4179 usque
446 4072 494 4149 ad
519 4100 666 4179 parvam
690 4071 826 4166 Holke,
839 4074 920 4150 sub
946 4099 1074 4151 annuo
1103 4101 1219 4150 censu
1247 4072 1449 4157 duodecim
1479 4074 1722 4152 denariorum

305 4202 640 4308 persolvendorum
656 4202 809 4282 ecclesie
830 4204 947 4281 sancti
961 4204 1104 4281 Bertini
1120 4204 1159 4279 in
1174 4202 1436 4310 purificatione
1450 4221 1575 4281 sancte
1592 4206 1722 4283 Marie.

349 4419 358 4451 ¹
378 4419 445 4496 Quo
455 4424 507 4483 etsi
522 4421 652 4483 multum
661 4423 823 4506 iniquitatis
835 4435 982 4506 quantum
1040 4422 1169 4485 Simonis
1184 4422 1297 4484 suntin
1312 4421 1527 4484 continuatore.
1549 4425 1583 4485 ln
1599 4431 1723 4512 margine

306 4523 343 4585 ad
358 4543 411 4584 nos
423 4523 555 4586 videatur
568 4527 729 4595 continere,
741 4536 839 4587 umen
852 4537 882 4588 at
896 4525 984 4587 indu·
1042 4525 1110 4588 cod.
1349 4573 1350 4577 ,

305 4627 430 4690 bitanter
451 4626 563 4690 affirmo
584 4628 734 4700 abbatem,
757 4629 784 4689 si
803 4629 910 4690 meiius
934 4650 983 4712 po·
1083 4625 1094 4654 ¹
1114 4626 1214 4689 Edidit
1225 4639 1351 4712 exparte
1363 4627 1529 4714 blslbrauq‚
1544 4630 1576 4692 de
1589 4632 1721 4702 Morinis,

307 4731 407 4792 tuisset
422 4731 538 4801 iecisse,
555 4752 741 4816 nequaquam
756 4731 787 4791 in
801 4729 892 4815 hujus
904 4751 983 4793 com·
1043 4729 1176 4812 t.111‚p.
1194 4731 1264 4814 317.

307 4834 506 4924 promissionis
528 4833 680 4895 arbitrium
700 4833 889 4897 comensisse.
918 4831 982 4896 Hec

1462 4937 1512 5001 ltlr.

1815 2271 1893 2338 1178.
